2678 4260
106 259 170 332 154
432 272 503 331 nno
527 273 556 330 r..
582 272 742 332 nouam
766 272 915 333 annuo.

156 461 248 536 vivii,
264 461 395 524 amoeni
420 461 495 536 loci,
520 461 702 523 multarum
731 459 926 524 deliciarum
942 482 1051 526 comes
1075 467 1129 526 est·
1149 477 1204 526 ex·

156 574 262 631 trema
277 565 422 629 saltatio.
469 565 524 627 Tu
549 565 631 627 mihi
654 566 771 649 arripis
795 565 866 639 hoo,
885 565 976 649 quod
993 586 1127 630 necesse
1151 573 1203 630 est

156 671 304 734 omnium
321 671 480 734 vitiorum
496 691 566 734 esse
583 677 798 754 postremum,
815 670 979 753 relinquis
997 669 1064 745 illa,
1080 669 1203 754 quibus

156 776 292 840 remotis
309 774 370 839 hoc
387 774 509 838 vitium
536 774 671 837 omnino
694 795 766 839 esse
791 795 859 837 non
882 773 1017 858 potest?
1063 773 1204 837 Nullum

105 896 133 941 15
156 888 253 964 turpe
270 879 473 954 convivium,
490 899 559 941 non
575 899 675 954 amor,
693 899 759 941 non
781 879 981 954 comissati0,
998 899 1065 941 non
1089 876 1203 953 libido,

156 1005 222 1046 non
247 990 402 1068 sumptus
429 981 629 1058 ostenditur,
656 990 699 1058 et,
727 1004 804 1046 cum
830 1004 868 1046 ea
893 1003 960 1045 non
983 983 1203 1066 reperiantur,

156 1109 241 1173 quae
259 1087 442 1171 voluptatis
459 1108 579 1150 nomen
596 1086 730 1162 habent,
748 1108 952 1171 quamquam
969 1086 1089 1150 vitiosa
1112 1093 1202 1163 sunt,

156 1194 190 1254 in
222 1213 289 1276 quo
320 1193 425 1276 ipsam
457 1191 626 1254 luxuriam
665 1192 809 1275 reperire
848 1212 913 1254 non
954 1199 1059 1275 poteS,
1091 1191 1127 1253 in
1165 1212 1204 1255 eo

107 1299 144 1361 14
160 1305 193 1360 te
217 1295 367 1359 umbram
397 1297 551 1359 luxuriae
576 1303 787 1379 reperturum
811 1295 937 1379 putas?
981 1294 1075 1358 Nihil
1098 1295 1205 1382 igitur

105 1417 135 1461 ro
156 1402 190 1463 in
216 1402 321 1464 vitam
353 1399 391 1462 L.
416 1400 576 1464 Murenae
602 1399 668 1463 dici
685 1406 805 1484 potest,
830 1399 925 1475 nihil,
957 1399 1105 1484 inquam,
1138 1421 1205 1463 om·

156 1506 246 1579 nino,
263 1504 400 1568 iudices.
447 1503 500 1568 Sic
524 1527 543 1567 a
565 1527 616 1569 me
644 1505 762 1568 consul
788 1502 983 1590 designatus
1000 1502 1203 1580 defenditur,

156 1616 196 1672 ut
211 1609 281 1673 eius
298 1608 391 1671 nulla
412 1608 514 1684 fraus,
533 1608 629 1672 nulla
651 1610 802 1684 avaritia,
827 1608 922 1673 nulla
945 1607 1092 1692 perfidia,
1110 1607 1204 1671 nulla

156 1712 347 1789 crudelitas
368 1713 501 1775 nullum
525 1713 680 1796 petulans
704 1713 834 1776 dictum
858 1713 893 1775 in
910 1713 981 1776 vita
1004 1711 1203 1796 proferatur.

157 1817 249 1882 Bene
266 1817 384 1892 habet3
409 1819 496 1880 iacta
511 1824 593 1881 sunt
608 1816 830 1881 fundamenta
854 1815 1070 1881 defensionis.
1117 1815 1206 1880 Non·

105 1938 134 1982 25
156 1921 238 1985 dum
269 1923 358 1985 enim
388 1922 510 1985 nostris
541 1920 708 1996 laudibus,
735 1920 858 2004 quibus
890 1928 966 1984 utar
996 1928 1122 2004 postea,
1146 1919 1205 1986 scd

156 2048 258 2110 prope
282 2027 492 2089 inimicorum
516 2025 725 2089 confessione
750 2026 861 2089 virum
884 2024 1010 2088 bonum
1032 2031 1135 2109 atque
1158 2026 1206 2088 in·

156 2139 289 2217 tegrum
312 2130 480 2193 hominem
501 2129 723 2194 defendimus.
771 2127 848 2208 Quo
865 2129 1051 2194 constituto
1074 2128 1206 2193 facilior

156 2243 209 2300 est
233 2235 314 2297 mihi
341 2234 453 2299 aditus
476 2233 517 2298 ad
542 2235 792 2298 contentionem
810 2233 995 2320 dignitatis,
1019 2254 1105 2319 quae
1129 2255 1205 2319 pars

156 2339 261 2403 alt-era
277 2338 345 2402 fuit
360 2340 594 2403 accusationis.
902 2339 907 2344 ’

106 2446 143 2508 15
203 2459 267 2505 vri.
292 2440 464 2505 Summam
481 2441 579 2506 video
603 2463 674 2507 esse
698 2443 733 2505 in
758 2449 801 2519 te,
819 2440 888 2507 Ser.
906 2440 1044 2527 Sulpici,
1063 2441 1206 2530 dignita·

156 2555 225 2611 tem
248 2547 389 2632 generis,
408 2547 622 2632 integritatis,
641 2546 825 2611 industriae
842 2555 1097 2632 ceterorumque
1114 2569 1207 2612 orna·

155 2661 343 2725 mentorum
367 2651 526 2726 omnium,
544 2651 666 2734 quibus
690 2650 814 2714 fretum
839 2651 881 2715 ad
904 2652 1101 2716 consulatus
1124 2653 1207 2738 peti·

186 2832 232 2890 11,
255 2832 300 2880 12.
318 2820 424 2881 come&
448 2835 497 2880 est
520 2835 667 2889 extrema,
690 2832 780 2894 public
788 2833 844 2895 iiie,
856 2835 902 2882 the
911 2833 1028 2883 latterto
1040 2833 1087 2883 the
1101 2834 1206 2896 private

157 2910 291 2972 ‘dancing
314 2911 336 2958 is
359 2910 405 2957 the
425 2909 476 2957 last
498 2910 668 2971 accompani-
691 2909 736 2958 iiie
766 2911 796 2959 oi
826 2911 947 2960 Murena.
1000 2909 1204 2969 defendimus,

158 2985 251 3035 ment!
288 2984 369 3042 mihi,
387 2984 486 3034 ethica}
504 2985 607 3034 dative:
625 3000 668 3035 see
692 2985 758 3034 ‘call
777 2986 834 3035 him
857 2987 896 3046 (in
915 3001 964 3035 our
981 2986 1136 3048 deieucel’:
1159 3001 1203 3038 see

155 3062 253 3120 omli„
266 3062 291 3109 4.
304 3063 343 3110 23.
690 3057 751 3126 ung
764 3062 787 3111 5.
801 3064 825 3111 5.

187 3138 233 3187 19.
250 3138 391 3186 umbram
413 3137 562 3196 luxuriae,
593 3138 669 3188 ‘that

156 3215 323 3277 inseparable
335 3215 479 3264 attendant
492 3216 522 3264 oi
538 3215 605 3277 high
623 3215 670 3264 liv·
722 3214 749 3274 §i
759 3216 844 3266 15-53.
864 3217 968 3266 Second
978 3221 1039 3280 part
1049 3217 1078 3266 oi
1087 3215 1206 3268 Oicero’s

157 3291 231 3354 ing;'
251 3291 440 3353 i.e.‚dancing,
452 3292 541 3340 which
553 3292 602 3340 has
613 3292 670 3353 just
691 3292 775 3354 reply,
797 3294 824 3342 in
846 3293 934 3342 which
952 3295 987 3342 he
1004 3299 1138 3344 contrasts
1159 3295 1205 3345 the

156 3363 223 3417 been
245 3366 330 3416 called
353 3381 448 3416 comcs.
485 3369 518 3417 In
546 3367 668 3430 English,
691 3370 785 3418 claims
797 3370 826 3418 of
838 3370 952 3422 Murena
965 3371 1018 3420 and
1030 3371 1166 3434 Sulpicius
1177 3378 1206 3422 to

156 3451 210 3505 too,
241 3443 383 3492 ‘shadow'
418 3445 466 3493 has
503 3445 580 3494 often
615 3444 670 3494 this
692 3447 738 3495 the
755 3446 885 3509 suffrages
902 3447 931 3496 oi
948 3448 995 3496 the
1012 3447 1133 3510 citizens,
1150 3448 1205 3498 and

155 3519 289 3583 meaning.
691 3523 779 3572 shows
792 3523 851 3571 that
864 3523 910 3572 the
922 3523 1047 3573 former's
1060 3537 1165 3574 success
1183 3526 1205 3574 is

187 3594 251 3654 514.
271 3596 316 3644 21.
334 3596 396 3655 Sic,
416 3597 518 3647 ‘under
535 3599 600 3648 such
621 3599 670 3647 cir·
691 3604 739 3648 not
756 3613 785 3648 so
803 3605 912 3663 strange
929 3615 958 3650 as
975 3605 1004 3650 to
1024 3600 1093 3650 raise
1113 3615 1129 3650 a
1147 3615 1206 3665 pre·

155 3673 343 3723 cumstancesss
370 3681 396 3686 ’“
690 3676 995 3739 sumptionoibribery.

187 3749 231 3809 26,
245 3750 290 3798 27.
308 3750 416 3808 virum,
434 3750 604 3800 hominem:
623 3751 668 3800 the
722 3749 786 3808 515.
806 3752 867 3800 1-4.
885 3752 1068 3814 digmtatem
1077 3754 1204 3815 generis,

155 3827 256 3879 former
277 3812 319 3891 (τ.
344 3826 438 3890 civem)
462 3829 546 3877 refers
569 3832 597 3876 to
621 3827 668 3877 the
692 3827 795 3880 ‘worth
818 3829 899 3878 based
921 3843 995 3894 upon
1013 3831 1118 3897 family,
1141 3831 1202 3887 et'c.’
