2678 4260
403 262 483 313 cnr.
508 264 596 327 tsi—55,
622 265 636 328 ς
660 266 777 317 nans.
1098 257 1163 326 527

63 457 99 500 se
130 436 220 500 ludis
251 435 350 500 homo
380 439 552 521 popularis
583 440 752 503 commisit
782 443 928 517 omnine,
960 464 1037 506 cum
1075 445 1112 507 in·

63 540 189 624 templo
220 539 369 604 Virtutis
400 539 505 605 honos
543 541 676 606 habitus
707 551 796 607 esset
823 545 943 608 virtuti
975 545 1107 632 Gaique
1165 620 1168 625 ,

63 643 161 720 Mari,
182 645 424 709 conservatoris
448 644 548 710 huius
572 647 711 729 imperii,
729 657 985 714 monumentum
1004 653 1110 716 muni·

62 749 129 831 cipi
161 749 233 811 eius
264 756 299 812 ct
320 749 369 812 rei
396 748 548 832 publicae
572 749 740 814 defensori
764 750 876 815 sedem
900 751 1107 819 adsalutem

61 851 277 936 praebuisset.
499 874 505 884 ·
1133 876 1162 921 co

106 973 164 1018 LV.
190 955 267 1034 Quo
298 956 434 1040 quidem
467 964 615 1041 tempore
647 959 731 1043 quid
761 961 907 1044 populus
938 962 1110 1028 Romanus
1127 963 1181 1024 117

61 1061 186 1124 sentire
213 1082 248 1124 se
281 1061 481 1137 ostenderet,
514 1070 658 1147 utroque
690 1065 725 1126 in
753 1086 874 1149 genere
902 1065 1108 1132 declaratum

60 1170 122 1239 est,
140 1165 377 1248 primumcum
394 1165 510 1229 audito
526 1174 661 1231 senatus
679 1169 833 1232 consulto
850 1170 897 1233 rei
914 1170 979 1253 ipsi
1002 1177 1104 1255 atque

60 1267 191 1331 absenti
218 1271 349 1331 senatui
374 1269 511 1352 plausus
529 1276 580 1333 est
600 1269 641 1333 ab
662 1271 829 1334 universis
852 1271 960 1347 datus,
986 1272 1106 1339 deinde

61 1393 139 1434 cum
155 1370 364 1437 senatoribus
389 1372 531 1458 singulis
548 1381 771 1456 spectatume
798 1384 918 1456 senatu
942 1376 1108 1441 redeunti·
1144 1397 1159 1442 5

59 1474 139 1551 bus3
164 1496 239 1539 cum
256 1497 337 1540 vero
353 1477 435 1559 ipse,
453 1477 511 1561 qui
528 1476 626 1540 ludos
650 1474 803 1553 iaciebat,
828 1480 947 1543 consul
971 1480 1105 1557 assedit,
1196 1505 1199 1511 ·
1304 1482 1307 1486 ⁴

58 1587 187 1645 stantes
226 1582 256 1646 ei
287 1581 440 1645 manibus
478 1582 584 1666 passis
614 1583 739 1667 glutias
769 1591 906 1669 agen-tes
937 1592 972 1648 et
1001 1585 1107 1648 lacru-

58 1692 189 1749 mantes
205 1685 330 1771 gaudio
345 1707 441 1749 snam
457 1706 537 1771 erga
559 1707 611 1748 me
635 1685 898 1750 benivolentiam
921 1708 959 1751 ac
982 1689 1107 1752 miseri-

58 1787 206 1852 cordiam
222 1789 446 1853 declararunt.
494 1789 543 1855 At
559 1811 635 1853 cum
658 1789 715 1854 ille
740 1787 944 1856 furibundus
968 1792 1108 1856 incitata

58 1894 118 1957 illa
142 1915 203 1958 sua
226 1894 379 1959 vaecordi
404 1901 516 1959 mente
545 1894 702 1970 venisset,
726 1894 784 1958 vix
816 1916 851 1959 se
875 1895 1020 1980 populus
1044 1897 1106 1961 Ro
1131 1912 1159 1956 10

57 2019 177 2062 manus
194 2001 314 2075 tenuit,
332 2001 390 2064 vix
406 1999 558 2063 homines
576 1998 690 2062 odium
706 2020 805 2063 suum
831 2021 850 2062 a
872 2022 1007 2084 corpore
1031 2002 1103 2066 eius

57 2104 180 2186 inpuro
209 2111 311 2189 atque
342 2103 481 2168 infando
508 2111 740 2188 represserunt
749 2127 757 2179 ;
786 2126 884 2169 voces
911 2105 1048 2190 quidem
1070 2113 1105 2170 et

56 2207 243 2292 palmarum
270 2210 422 2274 intentus
451 2218 485 2274 et
509 2208 763 2273 maledictorum
788 2209 965 2273 clamorem
988 2231 1102 2274 omnes

56 2311 291 2397 profuderunt.
339 2313 405 2379 Sed
430 2312 513 2400 quid
544 2334 606 2398 ego
636 2313 753 2396 populi
785 2312 927 2377 Romani
958 2315 1106 2377 animum
1123 2311 1177 2373 118

90 2570 189 2620 26-29.
207 2572 341 2629 omnino,
363 2572 429 2621 with
452 2572 499 2620 the
521 2585 571 2619 nn·
594 2568 648 2629 i.e.,
668 2569 696 2616 in
721 2568 813 2618 cheers
830 2569 874 2618 for
891 2570 965 2619 what
982 2584 1036 2620 was
1061 2585 1107 2633 ap·

56 2649 142 2698 merel
166 2649 264 2698 semel:
289 2649 324 2698 ei.
348 2649 424 2699 Caes.
449 2649 472 2697 1.
496 2646 521 2696 6.
546 2649 568 2696 1.
594 2644 693 2706 proved
713 2644 768 2693 and
791 2645 876 2694 bisses
896 2645 940 2695 ior
960 2646 1032 2695 what
1052 2661 1107 2697 was

56 2725 176 2786 templo
210 2724 353 2782 Virtutis,
393 2725 497 2774 erected
536 2724 570 2785 by
593 2721 770 2771 condemned.
805 2725 934 2770 senatus
951 2723 1105 2780 consulto,

56 2802 162 2850 Marius
189 2801 261 2850 irom
288 2801 336 2850 the
364 2801 446 2863 spoils
468 2801 497 2849 oi
524 2801 571 2848 tire
593 2798 654 2846 that
672 2797 766 2847 Cicero
788 2798 885 2847 should
908 2804 1008 2848 retum.
1050 2801 1107 2848 rei·

57 2877 160 2926 Cimbri
173 2877 226 2925 and
234 2877 360 2938 Teutoni,
371 2877 424 2926 and
437 2876 571 2925 therefore
592 2873 661 2934 ipsi.
675 2873 736 2923 ‘the
748 2875 839 2923 aetion
852 2874 953 2924 itseli:’
967 2887 1053 2925 eum:
1067 2891 1103 2926 sc.

56 2953 143 3002 called
166 2954 193 3001 in
216 2952 233 3001 l.
252 2954 285 3002 28
301 2953 343 3001 his
359 2955 568 3002 monumentum.
591 2949 707 3010 plausus
736 2954 775 3000 est
804 2951 894 3011 dctus,
925 2951 996 3000 from
1033 2952 1049 3001 l.
1079 2955 1103 3001 4.

57 3030 92 3078 ln
105 3029 150 3077 the
163 3029 281 3091 meeting
288 3028 404 3078 referred
414 3034 443 3077 to
450 3028 570 3077 between
593 3029 778 3086 spectatum,
795 3029 904 3089 supine:
928 3028 986 3077 rule
1004 3029 1047 3077 ior
1072 3030 1106 3078 its

56 3107 105 3154 the
127 3106 174 3154 dtlr
203 3105 256 3154 and
286 3106 347 3154 13tn
373 3106 402 3153 oi
426 3105 499 3167 July,
529 3104 569 3165 ot,
593 3102 664 3151 use?
711 3102 781 3163 ipse
809 3103 927 3159 consui,
962 3104 1103 3154 Lentulus.

57 3181 152 3230 Cicero
165 3195 219 3230 was
231 3181 407 3230 commended
425 3181 461 3242 by
472 3180 571 3230 resolu·
592 3181 721 3235 stantes,
749 3177 849 3240 ‘rising
876 3184 906 3227 to
935 3181 1007 3229 their
1028 3180 1102 3230 ieet’

56 3258 116 3306 tion
134 3256 162 3304 oi
179 3257 226 3305 the
245 3261 338 3305 senate
357 3261 387 3305 to
406 3256 509 3318 foreign
524 3269 571 3304 na·
593 3253 737 3302 manibus
749 3255 864 3315 passis:
882 3255 917 3304 ci.
932 3254 1007 3304 Caes.
1023 3257 1044 3305 1.
1059 3256 1104 3304 51.

56 3333 143 3382 tiens:
156 3333 191 3382 ci.
202 3333 215 3394 ᾖ
225 3330 314 3383 5131.
338 3332 488 3393 municipi
497 3332 571 3389 eius,
593 3329 621 3391 33
633 3330 670 3379 11.
682 3329 727 3378 13.
736 3330 760 3391 3,
774 3330 827 3378 and
839 3331 900 3392 give
912 3331 1015 3394 princp.
1030 3338 1105 3394 parts

58 3409 119 3458 ‘his
141 3409 231 3458 fellow
247 3408 427 3458 townsman:’
446 3409 481 3458 ci.
500 3407 512 3464 i
530 3410 569 3458 50.
594 3406 623 3454 oi
636 3408 737 3466 passis.

56 3487 102 3546 263
119 3484 184 3534 Suli.
198 3485 243 3533 23.
255 3486 294 3534 32.
626 3482 671 3530 13.
703 3483 845 3532 intentus
881 3497 932 3532 ean
970 3498 1004 3545 go
1040 3485 1105 3534 with

592 3561 776 3622 profuderant
801 3562 865 3624 only
897 3564 933 3624 by
973 3578 1105 3628 zeugma:

91 3636 103 3692 1
119 3635 172 3688 117.
188 3637 250 3686 2-8.
268 3636 456 3693 ostenderet,
471 3636 573 3685 deela-
595 3638 629 3686 ci.
644 3642 656 3699 5
670 3639 723 3688 115.
737 3641 761 3688 2.
795 3639 1034 3690 maledictorum
1046 3641 1107 3691 ola·

57 3717 161 3762 ratum
184 3717 239 3770 est,
263 3713 409 3775 pleonasm.
439 3715 573 3774 utroque
595 3726 726 3764 morem:
751 3721 834 3766 trans.
858 3730 888 3765 as
911 3719 1052 3782 suggested
1067 3732 1105 3770 ou

56 3792 92 3845 in
112 3801 230 3858 genere,
253 3789 297 3840 ‘in
317 3789 383 3841 both
405 3789 569 3851 directions‚’
595 3791 826 3855 §588.1;14.11.
