2678 4260
151 228 216 302 488
500 243 572 298 rao
594 243 624 298 r.
650 243 777 299 snsrro
800 242 948 298 555555.

204 419 316 486 reditu
335 414 498 484 Kalendis
521 418 627 484 Iuniis
652 415 870 485 dissentiente
899 419 993 483 nullo
1018 410 1185 484 referente
1211 408 1250 479 L.

204 524 339 602 Ninnio,
356 525 452 589 cuius
475 524 510 587 in
535 545 608 588 mea
630 545 730 589 causa
755 544 939 608 numquam
964 522 1046 587 fides
1071 524 1251 606 virtusque

150 645 182 692 55
202 624 414 691 contremuit.
461 624 657 690 Intercessit
682 623 786 711 Ligus
813 624 876 688 iste
903 621 1272 711 5555555555551515555-Ι

171 809 175 818 .
204 734 354 792 mentum
365 726 575 790 inimicorum
591 747 751 791 meorum.
797 727 863 791 Res
881 732 954 791 erat
970 732 1005 790 et
1020 745 1121 790 causa
1136 729 1252 788 nostra

204 852 243 896 55
273 831 340 895 iam
368 830 444 906 loci,
471 838 510 894 ut
546 831 674 916 erigere
705 831 820 895 oculos
851 838 886 895 et
919 831 1034 896 vivere
1065 829 1251 894 videretur.

205 934 368 1020 Quisquis
385 941 466 1010 erat,
479 935 538 1019 qui
554 934 702 1018 aliquam
719 941 848 1020 partem
863 936 899 998 in
916 956 989 999 meo
1004 934 1100 999 luctu
1112 932 1251 998 sceleris

135 1065 137 1070 ·
206 1038 361 1104 Clodiani
378 1038 555 1125 attigisset,
573 1059 785 1123 quocumque
809 1045 958 1116 venerat,
975 1036 1067 1123 quod
1087 1036 1250 1101 iudicium

151 1164 180 1210 55
203 1164 347 1229 cumque
369 1142 526 1219 subierat,
543 1142 762 1207 damnabatur
774 1167 782 1219 3
807 1142 1043 1208 inveniebatur
1065 1162 1173 1217 nemo,
1191 1141 1249 1225 qui

204 1270 239 1314 se
264 1245 464 1333 suffragium
489 1246 530 1310 de
555 1268 606 1311 me
635 1248 753 1312 tulisse
779 1248 1004 1313 confiteretur.
1050 1247 1251 1311 Decesserai

207 1374 249 1418 ex
266 1351 349 1416 Asia
363 1349 467 1415 irater
482 1371 576 1415 meus
605 1373 726 1438 magno
751 1353 916 1436 squalore,
932 1351 992 1442 sed
1016 1351 1124 1414 multo
1149 1349 1251 1414 etiam

206 1457 329 1521 maiore
345 1476 502 1520 maerore.
549 1454 640 1520 Huic
656 1455 699 1519 ad
720 1455 836 1521 urbem
852 1456 1001 1521 venienti
1025 1460 1097 1520 tota
1118 1452 1252 1518 obviam

204 1560 323 1625 civitas
340 1580 416 1624 cum
430 1559 574 1624 lacrimis
590 1560 787 1645 gemituque
803 1566 1028 1645 processerat;
1050 1556 1250 1642 loquebatur

152 1684 182 1731 55
203 1662 340 1730 liberius
365 1670 519 1740 senatus3
551 1663 793 1728 concurrebant
819 1664 951 1748 equites
976 1662 1140 1736 Romani3
1172 1660 1254 1725 Piso

204 1769 273 1846 ille,
289 1789 393 1855 gener
402 1752 513 1845 meus,
527 1768 582 1833 cui
598 1766 749 1833 fructum
765 1768 900 1852 pietatis
916 1787 996 1832 suae
1011 1786 1121 1850 neque
1139 1784 1182 1828 ex
1199 1784 1253 1828 me

205 1893 315 1957 neque
331 1893 350 1936 a
367 1871 493 1957 populo
521 1872 670 1936 Romano
695 1871 782 1936 ferre
808 1872 953 1947 licuit,a
978 1870 1165 1956 propinquo
1191 1889 1255 1933 suo

205 1997 358 2043 socerum
373 1997 472 2041 suum
491 1974 685 2063 flagitabat3
709 1977 820 2039 omnia
844 1982 980 2040 senatus
1003 1972 1171 2051 reiciebat,
1189 1973 1255 2037 nisi

205 2079 247 2147 de
263 2101 315 2146 me
331 2081 475 2165 primum
491 2080 646 2146 consules
662 2080 882 2146 rettulissent.

235 2323 336 2385 lars.
360 2322 514 2376 referente
524 2324 654 2376 Ninnio:
672 2338 715 2377 see
742 2324 843 2385 Olcero,
876 2328 925 2377 but
952 2340 969 2376 a
995 2339 1121 2390 pronoun
1147 2323 1256 2388 usually

203 2415 240 2454 cn
252 2403 266 2464 ξ
278 2404 318 2453 26.
327 2401 363 2454 31.
383 2406 386 2412 ’
742 2409 877 2468 separares
888 2405 935 2454 the
946 2408 1029 2467 parts.

235 2479 280 2530 20.
302 2478 402 2542 ugus,
419 2480 467 2530 5155
491 2478 600 2529 tribune
624 2477 716 2529 Aelius
774 2479 875 2530 26-33.
903 2479 1107 2531 Decesserat:
1144 2491 1189 2529 see
1218 2491 1256 2529 555

203 2554 299 2620 Ligus3
313 2557 356 2607 555
374 2557 417 2606 his
433 2570 523 2618 power
540 2561 569 2605 5ο
589 2561 651 2605 veto
670 2554 716 2604 the
743 2556 812 2607 Mur.
837 2557 883 2605 37.
905 2557 929 2607 8.
971 2555 1081 2606 irater:
1111 2554 1175 2605 read
1198 2555 1253 2606 Int.

203 2633 337 2696 proposal,
350 2646 394 2682 see
405 2647 431 2694 p.
442 2630 506 2693 76‚§
519 2633 573 2682 110.
607 2631 716 2682 nascio
742 2632 813 2684 Note
824 2637 854 2684 to
865 2634 915 2697 Ilp.
925 2630 977 2686 VI.
1007 2631 1254 2696 Areviewoillps.

203 2709 270 2770 qni:
299 2709 398 2758 forits
427 2709 500 2758 55555
526 2709 592 2758 with
620 2721 718 2771 proper
744 2708 807 2761 XV.
825 2710 879 2760 and
896 2709 975 2761 XVI.
994 2708 1049 2760 will
1068 2709 1129 2772 give
1149 2722 1165 2757 a
1185 2708 1256 2772 good

203 2798 292 2835 nouus
306 2799 349 2835 see
363 2798 398 2834 on
417 2786 538 2847 quidam,
551 2785 601 2847 Ep.
621 2783 671 2837 IV.
690 2783 716 2832 4.
743 2786 803 2836 idea
825 2786 854 2835 oi
876 2785 994 2836 Oicero’s
1017 2785 1132 2848 ieellngs
1155 2788 1185 2834 at
1206 2784 1256 2835 the

203 2861 243 2912 53.
742 2862 816 2912 nme.
851 2861 1053 2924 squalore..
1076 2871 1257 2919 ..maerore

235 2938 290 2987 22-
291 2936 336 2986 25
346 2936 557 2987 5515511555
568 2935 716 2999 5555555555
742 2939 790 2988 the
802 2938 923 2987 outward
940 2937 999 3000 sign
1017 2937 1070 2987 and
1087 2935 1134 2986 the
1151 2936 1256 2987 inward

203 3015 258 3064 this
270 3014 439 3064 substantive
451 3028 498 3063 nse
511 3014 540 3062 55
556 3015 603 3063 the
615 3013 666 3064 ahl
686 3027 716 3064 eo
742 3014 851 3078 feeling.
886 3012 977 3071 Huic,
999 3012 1133 3077 governed
1156 3012 1192 3075 by
1208 3013 1257 3063 the

202 3089 715 3154 155555555555155515151555555555,
742 3091 839 3153 phrase
867 3090 972 3140 5555555
991 3092 1183 3151 processerat:
1211 3103 1257 3140 sce

203 3167 418 3228 withiemporis.
453 3165 571 3229 Expiain
589 3167 714 3230 thegen.
743 3179 778 3217 on
790 3167 865 3225 5555155,
873 3167 922 3230 Ep.
935 3166 1046 3216 XXIII.
1061 3165 1086 3214 4.
1099 3166 1137 3216 32.
1172 3164 1256 3214 irue-

204 3254 409 3304 quocumque,
421 3256 482 3306 eg,
496 3244 582 3292 555155
601 3243 715 3303 51555555,
742 3246 823 3293 tum:
850 3243 885 3293 ci.
905 3242 970 3293 Sull.
989 3243 1015 3291 1.
1038 3243 1062 3292 3.
1098 3255 1116 3291 5
1135 3241 1255 3304 populo

196 3318 295 3383 ‘public
306 3333 406 3382 gunnes,
426 3324 477 3368 etc.
512 3322 656 3368 venerat:
674 3319 717 3369 ior
742 3319 891 3378 Romano,
901 3319 929 3368 in
941 3318 988 3368 5155
997 3319 1067 3369 iorm
1078 3319 1107 3368 of
1118 3331 1153 3367 an
1166 3317 1252 3369 office.

203 3400 280 3446 tense
297 3409 341 3445 see
358 3395 392 3445 A.
411 3395 460 3445 280
479 3392 529 3457 (2);
550 3395 582 3445 G.
601 3395 713 3458 569311.
741 3396 821 3444 55555
840 3395 946 3444 licuit:
964 3395 1008 3445 555
1019 3395 1065 3444 5155
1077 3395 1134 3444 5555
1153 3408 1198 3444 see
1218 3408 1255 3445 on

207 3472 256 3524 472
275 3471 307 3531 2;
332 3469 363 3522 Β.
388 3471 445 3521 263.
484 3466 572 3520 What
587 3472 667 3521 tense
685 3469 715 3521 in
742 3472 791 3535 Ep.
822 3473 916 3521 XXII.
947 3471 972 3519 3.
1000 3472 1041 3522 25.
1076 3471 1254 3533 propinquo

204 3549 340 3613 English?
372 3547 459 3610 quod
481 3580 486 3594 .
509 3581 514 3594 .
538 3582 544 3595 .
566 3558 716 3608 cumque:
741 3560 813 3597 suo:
840 3549 873 3598 55.
897 3550 911 3610 5
939 3549 977 3598 54.
1002 3548 1034 3598 33
1056 3548 1075 3597 5,
1118 3547 1255 3597 omnia

205 3627 252 3676 5155
263 3625 355 3674 tmesis
373 3624 418 3686 (A.
432 3639 458 3686 p.
471 3623 532 3687 4303
554 3622 587 3672 G.
599 3623 658 3687 '1203
676 3623 713 3673 Η.
741 3623 898 3683 reiciebat,
909 3623 982 3672 nisi:
1005 3624 1048 3673 555
1062 3624 1110 3674 5155
1121 3623 1255 3674 deadloclr

207 3702 257 3753 336
274 3698 309 3751 V.
326 3702 357 3763 33
381 3699 412 3751 B.
431 3700 481 3752 367
499 3696 536 3763 7),
553 3697 716 3766 5555155555-
741 3714 771 3750 as
782 3714 799 3750 a
810 3714 903 3751 means
915 3701 945 3750 55
960 3700 1084 3764 coercing
1094 3701 1142 3749 the
1155 3701 1255 3764 magis·

204 3790 319 3845 cumque
351 3778 374 3828 is
406 3782 456 3830 not
487 3788 651 3827 uncommon
686 3777 714 3827 iu
742 3781 826 3826 555555
837 3791 881 3827 555
892 3791 928 3828 on
939 3777 989 3841 Ep.
1004 3776 1055 3830 IV.
1069 3777 1095 3826 7.
1107 3774 1146 3830 ii.
