2678 4260
429 268 509 322 cnr.
533 271 589 335 eo,
614 271 628 335 1
650 272 737 324 21-24.
1099 259 1162 326 101

63 442 129 510 ista
155 445 201 510 sit
227 446 359 530 privata
386 445 556 508 calamitas
584 453 618 509 et
644 467 663 508 a
693 447 739 510 rei
772 446 924 531 publicae
955 435 1111 531 periculis

63 552 272 636 seiungatur.
334 548 401 613 Sed
433 559 471 613 tu
503 559 542 613 ut
573 551 663 614 vitiis
700 552 768 615 tuis
804 573 1041 628 commoveare,
1073 560 1113 616 ut
1135 569 1163 613 1o

64 655 180 741 legum
203 676 327 739 poenas
351 655 573 738 pertimescas
597 663 637 718 ut
660 656 863 739 temporibus
887 657 934 720 rei
957 655 1110 740 publicae

64 759 173 836 cedas,
190 765 326 823 nonest
349 756 599 842 postulandum.
647 759 765 843 Neque
791 761 879 824 enim
907 762 935 824 is
960 782 1004 835 es,
1023 760 1112 824 Cati·

64 865 144 940 lina,
161 871 202 927 ut
228 871 260 928 te
282 871 344 927 aut
365 862 474 948 pudor
489 884 649 946 umquam
666 884 685 926 a
701 864 910 959 turpitudine
927 872 986 928 aut
1001 873 1110 929 nretus

64 991 83 1031 a
113 968 262 1052 periculo
293 975 353 1031 aut
383 968 467 1030 ratio
498 988 518 1030 a
548 965 661 1031 furore
693 969 866 1032 revocarit.
928 967 1039 1047 Quam
1070 969 1161 1034 obal

64 1095 144 1148 rem,
173 1079 213 1135 ut
239 1092 336 1155 saepe
364 1071 430 1134 iam
457 1071 539 1147 dixi,
569 1072 775 1155 proficiscere
807 1093 855 1148 ac,
884 1073 912 1136 si
939 1073 1021 1135 mihi
1052 1074 1112 1136 ini·
1135 1090 1162 1133 15

64 1178 160 1253 mico
192 1183 233 1239 ut
262 1173 444 1260 praedicas
477 1183 536 1239 tuo
567 1173 710 1239 conflare
739 1177 789 1240 vis
821 1176 992 1253 invidiam,
1019 1185 1111 1241 recta

64 1303 166 1366 perge
184 1282 217 1343 in
242 1280 401 1354 exilinm3
424 1280 483 1343 vix
507 1279 612 1342 feram
635 1301 802 1344 sermones
826 1280 1007 1356 hominum,
1024 1281 1052 1344 si
1076 1280 1111 1344 id

64 1385 196 1459 feceris,
214 1385 272 1449 vix
296 1384 416 1447 molem
442 1383 539 1446 istius
562 1383 719 1458 invidiae,
737 1385 764 1447 si
791 1385 825 1446 in
850 1385 990 1448 exilium
1015 1386 1109 1449 iussu

64 1487 214 1553 consulis
245 1488 331 1562 ieris,
363 1486 547 1551 sustinebo.
610 1486 666 1550 Sin
705 1496 816 1551 autem
853 1489 977 1552 servire
1017 1510 1109 1553 meae

65 1591 158 1656 laudi
175 1599 210 1656 et
225 1591 349 1676 gloriae
377 1593 494 1666 mavis,
512 1590 670 1677 egredere
698 1613 774 1655 cum
802 1593 982 1675 inportuna
1008 1592 1108 1656 scele-
1130 1608 1160 1653 ‘ro

65 1703 215 1761 ratorum
232 1716 342 1771 manu,
360 1695 475 1760 confer
491 1703 524 1760 te
549 1695 591 1759 ad
615 1696 790 1771 Manlium,
808 1697 939 1759 concita
961 1694 1108 1780 perditos

65 1803 166 1877 cives,
198 1821 332 1864 secerne
363 1807 396 1863 te
427 1821 447 1862 a
477 1798 581 1875 bonis,
614 1798 702 1864 infer
731 1800 857 1884 patriae
889 1799 1023 1874 bellum,
1056 1822 1110 1864 ex-

65 1906 156 1970 sulta
171 1905 275 1989 impio
290 1904 476 1978 latrocinio,
493 1911 534 1967 ut
559 1926 579 1968 a
601 1926 652 1968 me
678 1926 744 1967 non
770 1905 897 1967 eiectus
914 1903 958 1966 ad
973 1905 1108 1980 alienos

64 2009 125 2075 sed
147 2009 311 2073 invitatus
335 2007 378 2072 ad
401 2016 477 2072 tuos
502 2009 565 2073 isse
589 2008 742 2072 videaris.
791 2006 1004 2093 Quamquam
1027 2007 1162 2093 quidal

65 2134 128 2200 ego
151 2120 186 2178 te
211 2113 399 2188 invitem,a
424 2134 491 2196 quo
516 2113 582 2176 iam
606 2113 707 2177 sciam
731 2134 803 2177 esse
827 2113 1034 2198 praemissos,
1051 2113 1111 2197 qui
1133 2128 1162 2174 aa

68 2344 101 2397 A.
119 2345 170 2397 252
189 2360 223 2406 a;
247 2342 281 2396 G.
304 2344 367 2407 3803
394 2342 431 2395 H.
456 2343 517 2406 404;
547 2343 579 2394 B.
603 2345 647 2408 pal
670 2347 766 2408 parts?
799 2346 852 2396 For
875 2346 930 2395 this
952 2346 1022 2395 form
1048 2346 1078 2396 oi
1099 2361 1115 2397 a

68 2421 117 2473 203
128 2420 153 2473 3.
604 2423 770 2472 conditional
801 2430 927 2472 sentence
960 2423 1013 2472 and
1041 2438 1115 2486 espe-

95 2499 144 2548 10.
158 2509 385 2554 commovente,
398 2496 426 2545 in
443 2497 490 2547 the
507 2511 575 2559 pres.
603 2498 682 2560 cially
703 2500 746 2548 for
766 2500 811 2548 the
834 2500 992 2561 imperative
1017 2501 1044 2549 in
1067 2502 1114 2550 the

66 2577 136 2639 snbj.
161 2575 191 2625 oi
223 2575 360 2638 deponent
389 2575 441 2623 and
474 2575 578 2636 passive
603 2577 727 2637 apodosis
746 2576 923 2636 (conclusion)
942 2591 985 2625 see
1003 2578 1038 2626 A.
1056 2578 1112 2639 306,

65 2656 152 2716 verbs,
175 2654 269 2704 Cicero
291 2653 395 2714 usually
418 2652 508 2700 writes
530 2667 576 2711 -νε,
604 2664 641 2709 α;
663 2651 694 2700 G.
715 2652 762 2702 597
768 2665 774 2713 3
793 2653 826 2700 H.
846 2653 902 2709 508,
919 2652 947 2712 43
973 2649 1004 2701 B.
1023 2650 1071 2701 302
1088 2651 1113 2701 4.

66 2746 129 2795 very
140 2731 228 2794 rarely
238 2731 307 2791 -ris,·
324 2729 397 2778 wliat
410 2729 436 2777 in
450 2729 496 2777 tlre
508 2742 576 2791 pros.
603 2741 769 2786 sermones,
783 2730 975 2791 ‘reproaches‘

65 2809 118 2859 and
131 2810 182 2859 lut.
197 2807 269 2858 ind?
634 2805 679 2853 18.
696 2806 788 2853 istius
829 2806 973 2862 invidiae,
1017 2806 1113 2857 ‘that

95 2885 143 2934 11.
160 2883 363 2946 temporibus,
385 2874 575 2942 ‘necessities’
604 2881 711 2942 [caused
739 2883 773 2944 by
802 2881 866 2946 you]
902 2882 1110 2946 unpopulariry!

68 2961 184 3025 ‘perils‚’
198 2976 291 3024 avery
307 2975 432 3011 common
450 2960 578 3022 meaning
602 2959 638 3008 So
660 2961 714 3009 isto
737 2961 765 3008 in
786 2959 802 3008 l.
822 2961 846 3020 9,
868 2974 911 3009 see
935 2960 1001 3020 on§
1023 2961 1045 3008 3.
1070 2958 1110 3011 27.

67 3039 95 3089 in
107 3039 212 3099 Cicero,
225 3038 254 3087 in
271 3039 318 3087 the
335 3036 455 3100 singular
471 3051 501 3086 as
518 3036 576 3085 well
601 3035 688 3083 iussu
700 3036 785 3084 found
800 3037 827 3083 in
839 3036 891 3085 abl.
906 3037 976 3097 only.

66 3129 95 3165 as
107 3116 204 3178 plural.
633 3111 677 3159 23.
694 3111 790 3173 impio
799 3111 972 3168 latrocinio,
982 3111 988 3135 ‘
997 3119 1113 3161 treason-

96 3192 144 3241 12.
159 3192 189 3241 is
201 3215 227 3240 =
239 3191 305 3242 talia
318 3189 421 3251 ‘snch'‚
435 3191 514 3238 when
528 3188 578 3237 iol·
602 3187 661 3237 able
680 3188 861 3251 brigandage‚'
883 3189 965 3238 case?
1000 3189 1034 3236 A.
1055 3189 1111 3247 245,

65 3267 385 3330 lowedbyatandsubj.
603 3266 658 3324 o23
677 3264 708 3314 G.
723 3265 782 3324 4073
801 3265 835 3314 H.
850 3266 908 3324 4163
922 3263 953 3315 B.
970 3263 1027 3313 219.
1061 3265 1111 3313 1111·

97 3346 164 3406 023.
182 3345 229 3395 16.
247 3347 289 3402 ut,
312 3357 356 3394 see
378 3356 413 3392 on
436 3342 450 3403 ᾖ
474 3342 511 3392 17.
538 3341 575 3388 14.
600 3343 664 3401 pins
673 3343 694 3390 is
703 3342 810 3404 applied
820 3347 908 3403 toany
917 3342 1114 3404 crimeagainst

66 3425 161 3478 recta.
203 3418 425 3484 ‘straigntwayf
451 3416 535 3479 (recte
551 3440 576 3464 =
603 3417 649 3465 tlre
660 3419 733 3478 gods,
748 3418 793 3466 tlre
806 3424 928 3479 country,
943 3431 973 3466 or
985 3419 1031 3466 the
1044 3419 1113 3466 fam·

68 3495 312 3558 ‘correetly’l,for
327 3493 458 3543 theiorm
472 3491 505 3540 A.
522 3493 577 3550 148,
604 3491 647 3553 ily.
682 3505 744 3541 non
757 3493 822 3541 with
834 3495 943 3543 electus.

67 3586 98 3629 e‚·
116 3572 150 3623 G.
163 3573 243 3634 90,3;
260 3571 296 3620 Η.
310 3571 366 3629 004,
380 3569 430 3630 ΙΙ.,
443 3570 466 3617 2.
496 3568 579 3617 Point
636 3568 700 3628 024.
719 3569 764 3617 24.
781 3570 851 3625 isse,
869 3569 999 3632 principal
1016 3570 1114 3631 parts?

65 3655 114 3698 out
125 3650 242 3699 another
252 3647 351 3697 adverb
364 3644 469 3696 formed
487 3645 515 3692 in
532 3645 580 3693 the
604 3644 803 3705 Quamquam,
815 3661 858 3695 see
870 3661 905 3695 on
918 3645 934 3695 l.
951 3649 972 3695 1.

66 3738 139 3775 same
150 3739 210 3788 vray
222 3723 406 3786 in58adtin.
635 3721 680 3768 25.
697 3721 834 3777 invitem,
857 3723 930 3770 what
952 3721 1017 3769 kind
1041 3721 1071 3768 oi
1097 3735 1114 3770 a

97 3801 144 3850 17.
160 3812 262 3864 perge.
278 3799 313 3849 ci.
333 3800 347 3861 5
365 3799 402 3847 10.
418 3798 440 3847 1.
476 3796 579 3846 Princi-
604 3797 752 3860 question?
785 3797 818 3847 Α.
842 3797 902 3858 268;
929 3795 962 3844 G.
985 3795 1046 3857 468;
1073 3795 1110 3846 Η.
