2678 4260
185 236 248 300 318
530 250 601 302 rao
625 251 655 300 Ρ.
680 249 803 301 sumn
827 249 978 300 ostric.

183 423 223 488 45
279 438 355 486 XVI.
380 420 466 484 Mihi
498 422 696 506 cuiusquam
728 421 819 485 salus
843 420 930 484 tanti
954 417 1085 495 luisset,
1112 424 1153 483 ut
1175 438 1282 484 meam

237 525 474 612 neglegerem?
496 548 555 610 per
576 547 628 590 me
655 546 718 611 ego
743 525 919 589 veritatem
945 522 1149 608 patefactam
1173 530 1283 587 conta·

237 630 396 694 minarem
429 629 543 713 aliquo
575 627 774 693 mendacio?
805 647 1009 713 quemquam
1042 626 1189 712 denique
1221 649 1282 714 ego

236 735 438 810 iuvarem,a
469 755 537 818 quo
568 740 603 823 et
628 740 694 796 tam
726 731 871 798 crudelis
895 730 1034 796 insidias
1058 732 1106 796 rei
1129 731 1282 817 publicae

199 837 341 902 stactes
372 844 408 902 et
438 859 490 902 me
522 837 733 922 potissimum
765 835 901 901 consule
926 835 1105 920 putarem?
1153 834 1282 914 Quodsi

237 943 302 1006 iam
334 963 439 1006 essem
480 940 604 1005 oblitus
642 941 831 1005 severitatis
870 948 904 1005 et
943 941 1149 1005 constantiae
1180 961 1281 1016 meae,

237 1055 349 1111 tamne
373 1067 487 1110 amens
511 1066 610 1121 eram,
636 1053 683 1120 ut,
701 1066 778 1108 cum
802 1044 936 1109 litterae
961 1045 1166 1130 posteritatis
1184 1065 1283 1109 causa

237 1157 386 1234 repertae
403 1150 481 1226 sint,
499 1169 585 1234 quae
609 1147 757 1212 subsidio
778 1147 938 1213 oblivioni
963 1171 1034 1214 esse
1057 1156 1205 1234 possent,
1222 1170 1282 1235 ego

237 1261 403 1319 recentem
421 1260 573 1338 putarem
600 1253 790 1317 memoriam
818 1254 932 1317 cuncti
960 1261 1095 1318 senatus
1120 1274 1284 1318 commen-

184 1360 225 1424 46
237 1359 320 1422 taric
338 1379 412 1422 mco
429 1378 526 1442 posse
541 1356 718 1440 superari?
765 1356 851 1421 Fero
873 1379 935 1443 ego
959 1364 1002 1432 te,
1021 1357 1202 1441 Torquate,
1219 1358 1283 1421 iam

186 1479 213 1522 11
237 1461 376 1538 dudum,
401 1460 472 1526 fero
496 1453 625 1526 et'non
657 1477 841 1546 numquam
868 1462 1017 1527 animum
1041 1461 1217 1528 incitatum
1242 1460 1282 1525 ad

239 1563 465 1630 ulciscendam
496 1565 680 1629 orationem
709 1572 802 1628 tuam
829 1587 951 1630 revoco
981 1567 1055 1649 ipse
1079 1573 1117 1632 et
1140 1564 1282 1642 reflecto,

238 1670 396 1754 permitto
412 1667 544 1753 aliquid
560 1661 750 1733 iracundiae
767 1678 854 1745 tuae,
873 1668 916 1733 do
931 1668 1194 1746 adulescentiae,
1203 1669 1285 1736 cedo

235 1774 409 1849 amicitiae,
427 1771 537 1836 tribuo
553 1774 693 1856 parenti.
741 1772 816 1850 Sed,
831 1775 894 1837 nisi
912 1773 972 1837 tibi
987 1774 1134 1858 aliquem
1148 1773 1283 1838 modum

186 1892 213 1937 15
236 1885 309 1942 tute
337 1877 562 1953 constitueris,
587 1899 685 1963 coges
712 1900 763 1942 me
790 1877 931 1942 oblitum
957 1885 1087 1942 nostrae
1118 1879 1282 1942 amicitiae

238 1980 357 2046 habere
382 1983 545 2046 rationem
567 2001 659 2046 meae
683 1980 867 2068 dignitatis.
916 1981 1024 2046 Nemo
1047 2003 1208 2067 umquam
1232 2004 1282 2046 me

238 2088 436 2152 tenuissima
459 2086 649 2170 suspicione
673 2087 881 2171 perstrinxit,
904 2108 1005 2172 quem
1029 2109 1095 2150 non
1119 2095 1284 2172 perverte-

239 2193 354 2255 rimae
372 2190 600 2276 perfregerim.
648 2188 714 2254 Sed
738 2190 819 2253 mihi
844 2191 906 2255 hoc
932 2191 1046 2256 credas
1062 2191 1183 2256 velim:
1209 2191 1283 2255 Non

240 2296 279 2360 iis
311 2294 531 2360 libentissime
564 2294 655 2358 soleo
691 2294 901 2380 respondere,
935 2317 1019 2380 quos
1058 2295 1139 2359 mihi
1170 2295 1284 2360 videor

184 2403 224 2465 4⁷
240 2399 397 2463 facillime
415 2420 511 2483 posse
528 2419 693 2483 superare.
741 2398 795 2461 Tu
820 2401 976 2483 quoniam
1001 2400 1136 2464 minime
1154 2401 1284 2486 ignoras

267 2575 332 2635 545.
351 2574 412 2622 1-4.
429 2573 548 2630 fuisset,
560 2586 577 2622 c
587 2572 749 2622 ontami·
775 2574 882 2624 ilecto:
895 2577 942 2624 tire
954 2575 1095 2638 metaphor
1108 2575 1285 2625 isfromdriv-

233 2660 346 2705 narem,
369 2649 522 2696 iuvarem:
546 2648 589 2697 tor
610 2638 688 2696 mood
712 2648 746 2696 cf.
774 2651 820 2711 ing
829 2651 933 2699 horses:
944 2650 979 2699 cf.
991 2649 1066 2699 Caes.
1079 2649 1129 2700 IV.
1140 2649 1180 2697 33
1192 2650 1226 2699 ad
1238 2650 1282 2699 fin.

235 2727 389 2782 attentiore,
401 2723 413 2780 i
426 2725 464 2773 44.
483 2725 523 2783 31,
538 2724 590 2772 and
609 2724 652 2772 tor
663 2728 747 2782 tense,
774 2725 945 2784 permitto.
963 2760 968 2771 .
986 2760 992 2772 .
1009 2723 1122 2781 tribuo,
1153 2723 1184 2774 ‘1
1206 2725 1284 2773 make

235 2800 269 2848 A.
292 2801 338 2849 268
357 2801 447 2860 Rem.;
468 2799 499 2848 G.
522 2800 569 2848 252
589 2799 623 2847 arl
642 2798 691 2859 fiu;
712 2799 746 2847 H.
773 2815 846 2850 some
860 2801 1014 2861 allowance,
1028 2815 1101 2850 some
1117 2803 1282 2861 concession,

238 2875 287 2924 484
300 2872 334 2924 V.
350 2874 410 2923 loot
428 2876 494 2924 note
509 2874 540 2936 33
553 2872 584 2924 B.
601 2874 658 2924 277.
693 2872 747 2923 For
772 2891 845 2927 some
869 2877 995 2937 sacrifice,
1019 2876 1032 2925 I
1051 2889 1108 2926 owe
1130 2877 1284 2938 something

235 2955 296 3010 past
308 2949 372 2998 time
386 2950 431 2997 the
445 2955 533 2998 tenses
546 2949 610 2997 used
625 2949 688 2997 here
704 2963 748 2998 are
772 2951 818 3001 to.’
856 2951 974 3012 aliquid
992 2960 1065 3000 must
1076 2951 1109 3000 be
1121 2953 1207 3001 taken
1220 2951 1284 3001 with

235 3039 369 3083 common,
381 3025 434 3073 and
447 3025 527 3073 differ
536 3023 605 3073 little
619 3025 645 3072 in
659 3038 749 3087 meqn-
771 3028 836 3076 each
849 3027 879 3076 oi
890 3028 935 3075 the
943 3027 1004 3076 four
1014 3027 1097 3076 verbs.

236 3101 348 3163 ing2tlre
357 3101 458 3162 perfect
467 3101 488 3148 is
496 3115 563 3159 rare,
572 3101 619 3148 but
627 3100 747 3156 isfound‚
803 3103 848 3160 17,
861 3103 907 3152 18.
926 3103 1117 3164 perstrinxit,
1147 3101 1280 3153 ‘chaied’

235 3191 297 3238 eg„
317 3177 386 3226 Mur.
417 3176 462 3224 21.
485 3177 572 3225 31-a‘3.
770 3178 1051 3239 perverterim.
1078 3177 1283 3240 perfregerim,

267 3252 329 3301 5-8.
346 3253 610 3313 potissimum,
641 3251 749 3303 ‘rather
773 3254 952 3303 ‘overturned
1010 3253 1064 3302 and
1125 3253 1281 3304 elrattered!

236 3330 303 3379 titan
351 3334 380 3377 at
418 3343 472 3391 any
521 3329 599 3378 other
649 3328 745 3390 tirne3'
770 3329 846 3378 mihi
877 3328 938 3378 hoc
974 3329 1085 3379 credas
1118 3329 1223 3387 velim,
1255 3328 1283 3377 ‘I

235 3406 282 3455 the
300 3406 371 3454 word
399 3405 477 3454 takes
506 3406 541 3454 its
571 3419 648 3454 sense
677 3404 747 3454 from
770 3405 866 3454 should
900 3405 955 3454 like
988 3420 1041 3467 you
1074 3410 1103 3455 to
1137 3406 1202 3455 take
1241 3419 1283 3466 my

236 3483 282 3531 tlre
309 3488 433 3531 context:
466 3482 499 3530 cf.
531 3483 600 3531 Mur.
632 3481 677 3528 75.
707 3483 744 3531 15.
770 3482 844 3532 word
857 3482 899 3530 for
908 3481 1035 3541 this3’cf.
1049 3481 1086 3531 II.
1101 3481 1148 3531 15.
1159 3482 1197 3532 18.
1233 3482 1284 3530 For

235 3571 314 3618 quae
326 3582 350 3606 :
362 3561 392 3607 ut
412 3572 467 3607 eae.
503 3557 646 3606 subsidio
670 3556 746 3606 obli·
770 3559 836 3607 astilit
854 3571 899 3606 see
919 3571 954 3605 on
976 3557 997 3606 l.
1022 3555 1048 3605 6.
1067 3558 1095 3616 ὃς
1119 3557 1162 3606 ior
1182 3559 1231 3607 lroc
1249 3569 1282 3605 on

235 3635 336 3683 vioni:
367 3636 409 3683 tor
431 3648 505 3683 cases
532 3634 567 3683 ci.
599 3634 674 3682 Caes.
707 3634 743 3682 ΙΙ..
770 3633 897 3693 §35.19;
921 3633 963 3681 for
981 3633 1076 3682 credas
1094 3646 1129 3681 on
1150 3633 1283 3682 eduxisset

235 3709 280 3759 20.
292 3714 315 3759 2.
770 3708 806 3756 ll.
827 3708 852 3754 5.
874 3710 914 3769 1⁶23
932 3708 975 3757 for·
995 3707 1127 3757 colinton
1145 3707 1281 3775 pervelim,

267 3788 281 3859 y
300 3789 338 3838 a.
356 3787 457 3844 11-14.
474 3787 609 3844 animum
631 3821 683 3834 ...
701 3799 745 3836 a·
768 3784 832 3855 §aa
846 3783 885 3842 33.
