2678 4260
330 247 332 251 ’
399 226 500 327 ω».
525 272 612 338 aoso,
636 236 758 333 cro-aa
1094 256 1159 328 603

59 442 258 534 religionem
274 455 309 514 et
325 450 516 512 memoriam
533 435 790 530 consecrantur)
806 473 813 523 3
839 471 897 513 vos
921 449 1007 513 tanti
1033 470 1109 514 con-

59 560 261 617 servatorem
292 554 419 637 populi,
450 554 536 616 tanti
567 553 701 616 sceleris
737 553 880 616 ultorem
910 574 977 616 non
1008 552 1107 618 modo

60 655 241 720 honoribus
272 657 376 721 nullis
407 656 570 732 afficietis,
602 656 662 720 sed
699 657 801 720 etiam
831 655 874 719 ad
903 657 1108 741 supplicium

59 761 131 844 rapi
158 761 356 845 patiemini?
401 759 639 836 Confiteratur,
664 761 889 836 confiteretur,
915 761 1062 845 inquam,
1079 763 1107 827 si
1131 779 1160 826 35

59 863 205 941 fecisset,
222 872 257 929 et
283 886 403 951 magno
431 865 542 928 animo
569 871 604 928 et
630 864 773 928 libenter
799 863 919 928 fecisse
947 886 982 929 se
1013 865 1109 929 liber-

59 969 138 1032 tatis
169 970 319 1032 omnium
346 990 455 1044 causa,
484 967 576 1052 quod
606 975 694 1032 esset
720 969 750 1032 ei
781 990 849 1031 non
879 968 1108 1034 confitendum

60 1071 168 1148 modo,
182 1094 299 1138 verum
314 1073 414 1137 etiam
431 1071 701 1156 praedicandum.
748 1089 839 1135 xxx.
873 1072 1017 1149 Etenim,
1029 1075 1057 1137 si
1074 1073 1107 1136 id
1119 1076 1158 1139 81

60 1197 127 1240 non
143 1183 254 1263 negat,
270 1198 313 1240 ex
329 1198 396 1261 quo
421 1177 504 1239 nihil
527 1177 624 1260 petit,
643 1176 706 1240 nisi
730 1183 771 1240 ut
794 1177 997 1263 ignoscatur,
1015 1177 1109 1241 dubi-

59 1288 147 1344 taret
176 1279 211 1344 id
237 1279 346 1357 fateri,
374 1302 416 1345 ex
445 1301 512 1364 quo
544 1279 645 1344 etiarn
677 1281 823 1364 praemia
854 1280 963 1344 laudis
995 1289 1108 1346 essent

58 1383 227 1468 petenda?
242 1384 307 1448 nisi
323 1406 402 1449 vero
418 1385 547 1471 gratius
563 1391 662 1468 putat
678 1405 748 1448 esse
764 1384 858 1449 vobis
870 1385 924 1448 sui
939 1406 974 1449 se
987 1385 1105 1469 capitis

58 1509 160 1572 quam
182 1489 286 1553 vestri
309 1487 516 1553 defensorem
543 1487 667 1562 fuisse3
693 1510 768 1552 oum
793 1489 988 1572 praesertim
1011 1489 1046 1552 in
1069 1511 1108 1554 ea
1130 1509 1145 1554 o

57 1592 277 1668 confessione,
305 1593 334 1657 si
360 1592 448 1679 grati
475 1614 547 1657 csse
576 1593 719 1668 velletis,
748 1593 888 1656 honores
919 1614 1109 1677 assequere-

58 1706 116 1760 tur
152 1697 383 1781 amplissimos.
448 1695 483 1761 si
514 1696 643 1763 factum
674 1696 767 1761 vobis
806 1717 873 1759 non
912 1684 1108 1781 probaretur

61 1803 284 1886 [quamquam
312 1802 371 1886 qui
398 1808 529 1886 poterat
544 1800 635 1865 salus
666 1821 727 1864 sua
758 1801 915 1884 cuiquam
946 1821 1013 1864 non
1035 1822 1108 1884 pro·

57 1904 129 1968 bari
139 1905 186 1989 12),
203 1905 263 1970 sed
279 1913 390 1970 tamen
407 1907 435 1970 si
452 1905 562 1968 minus
580 1903 757 1969 fortissimi
773 1905 837 1967 viri
854 1905 961 1968 virtus
978 1904 1107 1969 civibus

57 2017 155 2095 grata
170 2008 355 2083 cecidisset,
372 2031 493 2096 magno
516 2009 627 2072 animo
651 2009 886 2092 constantique
910 2007 1043 2073 cederet
1065 2030 1108 2072 ex
1131 2024 1160 2069 10

58 2114 191 2199 ingrata
202 2113 349 2178 civitate.
396 2113 482 2176 Nam
496 2112 580 2198 quid
596 2119 685 2177 esset
699 2113 863 2198 ingratius
877 2134 978 2196 quam
990 2113 1106 2176 laetari

58 2226 196 2292 ceteros
209 2217 323 2303 lugere
337 2239 414 2282 eum
431 2218 549 2291 solum,
564 2225 700 2300 propter
712 2238 812 2300 quern
828 2217 931 2280 ceteri
948 2216 1108 2280 laetaren-

58 2322 140 2385 tur?
188 2320 402 2406 Quamquam
418 2320 480 2385 hoc
497 2322 608 2384 animo
631 2342 761 2404 semper
784 2341 897 2383 omnes
923 2319 1050 2384 fuimus
1074 2320 1108 2383 in
1119 2323 1161 2386 82

59 2427 184 2510 patriae
215 2426 441 2510 proditoribus
473 2424 710 2512 opprimendis
735 2432 783 2499 ut,
807 2425 967 2508 quoniam
994 2430 1107 2488 nostra

59 2529 175 2594 lutura
191 2537 279 2594 esset
294 2530 410 2617 gloria,
427 2531 615 2615 periculum
633 2550 768 2614 quoque
794 2534 829 2592 et
851 2528 1013 2592 invidiam
1037 2550 1109 2592 nos·
1132 2545 1161 2590 1⁶

59 2644 144 2699 tram
167 2642 373 2719 putaremus.
422 2635 508 2698 Nam
531 2656 616 2720 quae
640 2633 721 2697 mihi
745 2633 809 2717 ipsi
833 2631 1010 2696 tribuenda
1033 2633 1106 2697 laus

58 2746 157 2815 esset,
173 2760 251 2802 cum
267 2746 401 2803 tantum
417 2740 451 2802 in
469 2740 644 2805 consulatu
662 2759 735 2801 meo
751 2759 810 2822 pro
826 2737 920 2802 vobis
937 2758 974 2800 ac
995 2736 1108 2801 liberis

60 2843 181 2908 vestris
205 2865 306 2908 ausus
330 2866 446 2920 essem,
464 2845 492 2908 si
512 2843 555 2919 id,
573 2842 665 2927 quod
688 2841 840 2917 conabar,
857 2841 929 2906 sine
954 2841 1107 2906 maximis

146 2977 403 2984 --—-.-.—..-.——.--
548 2976 638 2982 -—·-·

60 3041 127 3103 style
157 3056 186 3091 aa
215 3056 267 3092 one
294 3044 355 3093 who
380 3043 431 3092 has
459 3041 528 3091 slain
558 3055 574 3090 a
601 3041 657 3090 him
685 3055 714 3090 as
736 3055 752 3090 a
780 3040 870 3102 public
899 3055 1002 3102 enemy.
1039 3052 1110 3089 cum

60 3125 151 3180 tyrant
164 3118 190 3180 (ξ
202 3120 255 3180 80),
271 3120 326 3168 and
339 3120 426 3169 would
439 3119 573 3168 therefore
599 3117 795 3179 praesertim:
819 3116 854 3166 cf.
882 3117 924 3165 for
952 3117 1029 3166 order
1059 3117 1108 3179 Ep.

61 3197 130 3244 have
150 3209 186 3244 no
210 3209 303 3245 reason
325 3201 354 3245 to
374 3196 444 3258 deny
464 3196 510 3244 the
530 3200 574 3244 act
602 3195 680 3244 XXI.
694 3195 720 3242 4.
732 3196 776 3255 363
794 3193 846 3242 111.
862 3193 906 3241 28.
920 3194 958 3241 24.
985 3193 1053 3243 lee
1065 3194 1111 3243 the

61 3272 114 3320 had
132 3271 167 3319 he
185 3273 325 3322 murdered
345 3273 456 3322 Clodius
475 3271 500 3333 (ς
519 3271 570 3333 81).
600 3272 741 3333 meanings
775 3270 804 3319 ol
833 3270 880 3318 the
909 3270 1016 3331 phrase.
1058 3270 1112 3330 qul

60 3347 122 3396 still
150 3348 185 3397 he
212 3349 306 3398 knows
336 3350 397 3398 that
429 3349 495 3397 such
519 3363 572 3398 ser·
599 3345 1056 3409 poterat.‘howeoold,’forqot:
1074 3346 1108 3394 cf.

62 3424 133 3472 vices
151 3437 196 3472 are
213 3424 373 3486 dangmom,
389 3424 490 3486 though
510 3426 574 3487 they
600 3424 628 3484 ἓξ
647 3424 685 3472 54.
705 3425 748 3484 203
776 3424 816 3473 46.
844 3423 885 3471 14ε
912 3422 955 3470 for
978 3422 1057 3470 mood
1081 3422 1111 3470 of

61 3514 138 3561 carry
150 3500 215 3550 with
228 3502 303 3550 them
316 3502 387 3550 their
397 3514 458 3550 own
471 3501 572 3550 reward
597 3501 716 3559 poterat,
730 3502 761 3548 Α.
775 3500 819 3548 311
831 3513 866 3558 c‚·
885 3497 917 3546 G.
931 3498 980 3546 599
994 3498 1069 3546 Rem.
1083 3497 1111 3555 3;

29 3631 38 3645 1
62 3575 152 3638 (582).
600 3576 635 3623 H.
649 3575 802 3631 5111n.3;
822 3568 998 3632 B.ao43a),
1012 3569 1087 3617 note.
1140 3614 1147 3627 ‚

94 3653 159 3713 §St
177 3653 240 3703 1-8.
257 3653 291 3702 id
313 3665 377 3703 non
397 3656 496 3715 negat.
517 3653 571 3713 ta,
631 3652 694 3710 §82
712 3649 816 3705 14‚15.
838 3652 953 3707 nostra,
964 3651 1111 3706 nostram,

61 3729 123 3776 that
140 3729 174 3777 he
192 3729 274 3779 killed
294 3729 405 3778 Clodius
421 3729 450 3777 in
466 3728 574 3778 selide-
598 3728 753 3791 predicate:
793 3727 882 3775 notice
917 3727 965 3776 the
1000 3723 1112 3779 forcible

61 3805 149 3858 leuce.
184 3804 218 3854 id
239 3804 338 3863 interl.
357 3805 417 3854 that
436 3804 471 3855 he
490 3804 573 3856 killed
597 3806 743 3857 chlasmus.
