2678 4260
165 239 229 309 406
518 249 724 309 nrrsronla
746 249 942 308 sanncran.

219 429 379 494 moriendi
399 438 529 514 tempus
545 438 580 494 et
603 431 740 503 utilius3
765 428 825 495 sed
848 450 913 492 non
936 427 998 492 hoc
1022 429 1141 504 solum,
1158 427 1267 493 multa

218 532 284 596 alia
310 535 526 617 praetermisi,
555 556 639 618 quae
667 536 694 597 si
724 535 818 618 queri
843 533 945 597 velim
967 533 1156 616 praeterita,
1180 532 1266 597 nihil

165 652 195 697 cc
216 658 321 723 agam,
339 639 401 702 nisi
420 647 459 702 ut
474 660 614 724 augeam
631 637 779 704 dolorem
797 645 904 712 tuum,
923 636 1067 701 indicem
1083 637 1265 701 stultitiam

218 762 333 806 meam.
391 741 484 805 Illud
514 741 651 827 quidem
689 764 749 806 nec
789 740 981 805 faciendum
1018 749 1071 806 est
1101 762 1162 805 nee
1193 740 1264 805 fieri

217 853 338 929 potest,
362 867 412 911 me
436 845 575 922 diutius,
599 867 700 931 quarn
722 854 782 909 aut
804 853 901 909 tuum
924 851 1057 929 tempus
1079 852 1140 908 aut
1170 844 1264 908 firma

218 970 293 1033 spes
321 949 513 1033 postulabit,
531 950 565 1012 in
590 956 657 1013 tam
685 951 804 1015 misem
816 957 961 1039 tamque
985 949 1076 1032 turpi
1092 949 1164 1014 vita
1179 969 1265 1013 com·

217 1055 345 1129 morari,
375 1062 423 1129 ut,
451 1055 511 1139 qui
540 1053 638 1117 modo
666 1052 768 1118 fratre
800 1052 932 1128 fuerim,
961 1052 1084 1129 liberis,
1108 1053 1263 1138 coniuge,

164 1169 193 1214 85
216 1159 329 1241 copiis
361 1179 482 1244 genere
513 1159 585 1243 ipso
623 1159 785 1242 pecuniae
824 1156 1046 1233 beatissimus,
1085 1155 1262 1243 dignitate,

203 1245 424 1339 'auctoritata
441 1264 697 1338 existimatione,
711 1263 819 1348 gratia
836 1282 902 1325 non
919 1260 1067 1337 inferior,
1085 1282 1187 1346 quam
1203 1261 1263 1346 qui

217 1387 376 1450 umquam
393 1366 531 1431 fuerunt
547 1367 753 1451 amplissimi,
771 1367 798 1430 is
815 1386 904 1430 nune
922 1366 956 1428 in
972 1365 1033 1429 hae
1054 1372 1122 1429 tam
1139 1363 1264 1430 afflicta

216 1470 413 1555 perditaque
430 1471 566 1536 fortuna
583 1494 690 1556 neque
708 1493 759 1535 me
777 1491 886 1555 neque
900 1491 990 1534 meos
1003 1469 1119 1555 lugere
1131 1468 1262 1534 diutius

179 1577 197 1641 7
216 1576 349 1658 possim.
397 1575 508 1654 Quare
525 1575 608 1661 quid
623 1576 666 1639 ad
682 1598 733 1640 me
750 1575 914 1659 scripsisti
932 1573 973 1638 de
989 1573 1261 1657 permutatione?

164 1697 193 1741 sc
216 1680 311 1763 quasi
328 1701 405 1744 vero
422 1700 511 1745 nunc
528 1701 578 1744 me
595 1702 662 1744 non
679 1688 756 1745 tuae
773 1679 952 1744 facultates
978 1678 1178 1755 sustineant,
1195 1699 1263 1763 qua

216 1783 251 1845 in
267 1804 301 1847 re
317 1784 388 1867 ipsa
404 1783 502 1848 video
518 1785 617 1849 miser
632 1792 667 1849 et
681 1785 792 1849 sentio
809 1782 892 1869 quid
908 1782 1041 1847 sceleris
1060 1780 1261 1859 admiserim,

218 1909 295 1950 curn
311 1886 352 1952 de
370 1887 549 1952 visceribus
567 1890 633 1952 tuis
650 1897 684 1952 et
706 1889 766 1952 filii
789 1889 840 1952 tui
864 1887 1099 1952 satisfacturus
1121 1887 1167 1951 sis
1191 1888 1263 1972 qui-

216 1990 278 2056 bus
308 1991 417 2068 debes
449 2014 510 2078 ego
541 1998 711 2077 acceptam
742 2014 785 2056 ex
822 1992 948 2056 aerario
987 1990 1163 2075 pecuniam
1201 1997 1261 2055 tuo

245 2179 288 2237 ib.
309 2182 409 2231 78-80.
427 2181 724 2243 morienditempus:
752 2180 798 2231 bill
820 2181 849 2230 of
871 2179 1028 2242 erchange’
1064 2178 1183 2240 Quintus
1207 2180 1262 2230 had

213 2259 248 2308 cf.
273 2259 322 2320 Ep.
347 2258 430 2308 XIII.
454 2259 479 2306 2.
500 2259 539 2307 29.
575 2271 654 2319 quae
671 2294 676 2305 .
694 2294 723 2305 ..
751 2256 879 2319 probably
906 2257 1007 2306 offered
1035 2261 1064 2306 to
1089 2256 1158 2305 ralse
1186 2270 1262 2306 some

213 2339 396 2400 praeterita:
413 2339 456 2387 tor
466 2343 550 2387 trans.
560 2339 594 2386 cf.
608 2339 657 2400 Ep.
672 2338 721 2387 IV.
750 2334 830 2395 ready
848 2348 945 2395 money
965 2334 1008 2382 tor
1029 2333 1072 2382 his
1095 2332 1206 2382 brother
1228 2335 1262 2397 by

213 2414 239 2464 8.
258 2416 297 2464 80.
332 2414 416 2472 nihil,
435 2415 496 2462 nial
518 2416 565 2461 ut:
590 2415 632 2464 lor
655 2414 723 2463 albii
749 2411 835 2460 drafts
849 2426 885 2460 on
901 2413 996 2473 Rome,
1009 2419 1038 2462 to
1058 2414 1262 2463 bediscountcd

213 2481 276 2551 nisi,
305 2491 438 2554 ‘nothing
466 2490 581 2553 except,'
623 2490 720 2552 ‘only,’
749 2486 783 2548 by
795 2487 909 2536 bankers
919 2497 947 2537 at
962 2488 1163 2538 Thessalonica.
1199 2489 1261 2538 vis·

213 2569 248 2617 ct.
268 2567 318 2618 IV.
340 2565 385 2614 28.
403 2568 431 2629 9;
454 2566 607 2626 1110.15;
629 2568 683 2615 nist
700 2568 722 2615 is
749 2562 880 2620 ceribus,
901 2563 1003 2628 ‘sorely
1022 2565 1123 2615 needed
1145 2564 1258 2626 means,’

213 2657 229 2692 a
252 2657 324 2692 mere
348 2643 514 2703 connective,
533 2642 587 2691 and
605 2643 683 2691 when
706 2656 723 2691 a
748 2639 788 2689 lit.
800 2639 932 2702 ‘bowela’
949 2643 1041 2696 l.e..to
1052 2655 1105 2704 pay
1117 2643 1160 2690 liis
1172 2641 1258 2692 debts.

213 2716 303 2766 clause
326 2717 440 2777 follows,
459 2731 488 2766 as
511 2718 583 2779 here,
603 2719 624 2766 it
646 2719 722 2767 takes
748 2715 866 2775 Quintus
880 2718 967 2768 would
982 2719 1051 2766 hare
1064 2723 1092 2766 to
1109 2718 1190 2767 make
1206 2731 1262 2768 sac·

213 2794 260 2842 the
282 2794 466 2843 construction
490 2808 630 2856 necessary
653 2795 724 2843 after
749 2791 833 2842 rifices
851 2794 912 2843 that
931 2794 1019 2844 would
1035 2794 1186 2843 embarrass
1204 2794 1261 2843 him

213 2870 260 2918 the
271 2871 419 2933 governing
430 2871 503 2931 verb,
517 2871 580 2919 here
593 2884 681 2931 ayam.
748 2870 858 2932 greatly.
894 2869 1008 2932 quibus
1043 2869 1148 2927 debes,
1179 2870 1263 2933 ‘your

245 2945 346 2995 82-87.
363 2948 575 3008 tempus,asin
589 2948 610 2997 l.
624 2948 719 2996 2211.
750 2946 897 2996 creditors.’
926 2958 990 3008 ago,
1010 2951 1071 3006 etc..
1093 2947 1262 2996 adversative

212 3023 409 3072 tammisera:
426 3024 723 3074 fortumseeonl'.1'l.
750 3022 911 3084 asyndeton3
942 3024 1025 3073 insert
1050 3022 1166 3072 ‘wlrila’
1212 3032 1261 3072 ao·

215 3101 252 3149 16.
270 3103 306 3148 ut
322 3136 327 3147 .
345 3135 351 3147 .
368 3135 374 3147 .
391 3100 509 3161 possim
520 3099 548 3159 ll.
559 3100 611 3162 89),
623 3102 721 3164 inapp.
750 3099 874 3158 ceptam
885 3109 926 3146 ex
938 3097 1063 3146 aerario.
1097 3095 1192 3147 Cicero
1208 3097 1262 3146 had

213 3174 281 3223 with
302 3174 381 3235 iliad,
411 3173 427 3222 1.
453 3175 492 3223 81.
527 3186 637 3235 genera
660 3211 666 3222 .
689 3211 694 3222 .
717 3211 723 3222 .
749 3172 840 3221 drawn
854 3173 923 3221 from
936 3174 982 3222 the
994 3173 1085 3235 public
1095 3178 1273 3235 treasuryon‘

213 3251 371 3313 pecuniae,
391 3252 444 3312 i.e.,
466 3251 501 3299 be
523 3251 578 3300 had
598 3252 721 3314 acquired
749 3250 792 3298 his
803 3249 935 3298 brother’s
947 3255 1062 3299 account
1073 3248 1131 3308 (tuo
1143 3251 1261 3309 notariae,

213 3328 280 3377 with
292 3328 368 3377 clean
380 3328 468 3377 hands
480 3327 515 3376 all
531 3329 591 3376 that
606 3329 639 3377 lre
656 3329 722 3377 had:
749 3337 792 3373 see
812 3338 847 3373 on
870 3325 939 3374 Mur.
961 3324 1007 3373 82.
1028 3324 1069 3386 14)
1091 3324 1165 3387 large
1187 3339 1262 3375 sums

213 3419 257 3454 see
276 3418 302 3466 p.
326 3404 364 3464 13,
386 3401 398 3459 ξ
419 3405 441 3453 3.
477 3403 611 3461 interior,
631 3417 723 3465 quam
748 3401 800 3449 due
812 3401 859 3449 tlre
871 3401 951 3453 latter
962 3401 1006 3450 for
1022 3401 1065 3450 his
1083 3414 1216 3463 expensas
1232 3416 1263 3450 as

213 3480 275 3542 qul,
289 3485 339 3528 etc.
356 3492 362 3527 ε
379 3478 598 3529 seconSull.8'l.
610 3480 647 3529 14.
659 3482 723 3528 tam
749 3481 914 3539 propraetor.
950 3477 992 3526 He
1006 3476 1060 3525 had
1073 3476 1169 3527 lookcd
1188 3491 1263 3540 upon

213 3553 340 3603 afflicta:
358 3553 569 3603 fortamseeon
588 3553 721 3613 1.11.1c‚
750 3553 822 3602 thern
847 3553 876 3602 of
904 3567 997 3603 course
1017 3567 1047 3602 as
1069 3566 1086 3601 a
1107 3559 1264 3616 temporary

212 3631 267 3682 and
278 3630 443 3693 distingulsh
458 3631 513 3678 tlris
531 3642 578 3679 usc
594 3630 724 3692 carefully
750 3631 822 3690 loan,
842 3630 891 3679 but
910 3630 957 3679 the
979 3630 1155 3679 confiscation
1173 3629 1203 3679 of
1219 3630 1263 3679 his

213 3707 284 3761 from
295 3709 356 3757 that
367 3708 396 3757 ln
408 3707 424 3756 l.
438 3707 477 3757 83.
751 3711 877 3768 property
903 3706 982 3756 made
1013 3711 1171 3768 repaymcnt
1199 3719 1264 3770 very

245 3782 257 3848 5
275 3781 298 3835 7.
317 3781 420 3834 89-98.
437 3782 675 3846 permutatione,
691 3781 725 3831 ‘a
751 3783 886 3833 doubtful.
