2678 4260
421 245 500 302 cle.
526 246 613 314 n-n,
638 246 652 314 ς
673 246 761 304 Μ.
1103 232 1166 308 471

69 423 177 508 patria
189 424 315 489 virtute
328 423 500 508 praeditus
516 424 605 488 filius
622 446 655 489 se
669 446 707 488 ac
720 425 824 490 vitam
840 447 933 489 suam
951 426 1116 491 instructa

70 529 140 592 acie
156 551 216 613 pro
232 529 342 592 salute
366 529 482 612 populi
507 529 649 592 Romani
666 529 874 613 victoriaque
898 529 1113 606 devovisset3

70 653 112 695 ex
129 653 197 717 qua
220 631 478 696 innumerabiles
504 632 562 695 alii
587 633 709 716 partim
733 632 966 717 adipiscendae
995 635 1114 712 laudis,

69 737 191 818 partim
220 736 377 801 vitandae
404 735 627 820 turpitudinis
654 758 755 800 causa
781 744 922 802 mortem
950 739 984 800 in
1013 740 1114 804 variis

69 839 165 904 bellis
190 841 399 924 aequissimis
425 841 545 903 animis
572 840 801 924 oppetissent3
825 842 860 903 in
886 863 953 926 qua
978 843 1114 908 civitate
1138 859 1168 904 40

69 945 140 1027 ipse
164 946 388 1009 meminissem
412 952 541 1028 patrem
564 944 665 1008 huius
689 945 737 1008 M.
755 944 876 1022 Crassi,
893 944 1113 1012 fortissimum

69 1049 189 1123 virum,
206 1069 248 1112 ne
264 1048 396 1113 videret
410 1049 572 1113 victorem
587 1049 687 1113 vivus
710 1049 894 1125 inimicum,
912 1049 1027 1114 eadem
1051 1051 1114 1116 sibi

69 1173 172 1215 manu
201 1153 306 1217 vitam
337 1152 541 1229 exhausisse,
566 1173 634 1236 qua
661 1161 802 1218 mortem
833 1175 930 1238 saepe
961 1154 1114 1220 hostibus

69 1253 257 1336 optulisset.

112 1375 206 1420 xxn.
232 1358 324 1423 Haec
346 1380 408 1444 ego
431 1365 467 1422 et
482 1358 590 1421 multa
605 1357 670 1420 alia
686 1357 838 1443 cogitans
861 1357 924 1422 hoc
935 1431 936 1436 η
948 1357 1112 1435 videbam,
1128 1363 1168 1425 49

68 1462 97 1525 si
135 1483 270 1526 causam
292 1461 461 1546 publicam
485 1483 557 1526 mea
581 1482 668 1525 mors
704 1462 910 1545 peremisset,
946 1464 1110 1528 neminem

69 1587 229 1650 umquam
256 1566 337 1643 fore,
362 1567 423 1650 qui
444 1565 584 1630 auderet
605 1566 775 1649 suscipere
798 1572 915 1629 contra
946 1567 1112 1651 improbos

68 1671 152 1734 civis
175 1671 320 1735 salutem
347 1671 395 1735 rei
422 1670 586 1754 publicae.
633 1669 764 1753 Itaque,
788 1690 856 1732 non
879 1670 988 1734 solum
1018 1672 1046 1736 si
1078 1673 1112 1737 vi

68 1775 268 1851 interissem,
294 1774 353 1839 sed
380 1775 480 1839 etiam
503 1774 533 1838 si
556 1773 670 1837 morbo
698 1767 871 1837 extinctus
897 1795 1012 1850 essem,
1044 1775 1115 1840 iore
1152 1791 1168 1837 5

68 1876 227 1961 putabam
270 1885 311 1941 nt
349 1878 542 1961 exemplum
584 1877 633 1941 rei
670 1875 825 1960 publicae
866 1878 1114 1943 conservandae

69 2003 199 2046 mecum
230 1982 331 2046 simul
361 1982 524 2047 interiret.
572 1980 658 2059 Quis
693 1981 782 2044 enim
813 2002 972 2064 umquam
1005 2003 1056 2046 me
1095 2003 1114 2046 a

68 2093 187 2150 senatu
219 2087 413 2170 populoque
445 2087 595 2150 Romano
633 2091 728 2148 tanto
766 2085 914 2148 omnium
952 2083 1113 2149 bonorum

67 2188 181 2253 studio
206 2210 273 2253 non
297 2191 455 2254 restituto
479 2188 570 2273 quod
595 2195 694 2263 certe,
718 2189 746 2251 si
770 2209 877 2252 essem
900 2187 1111 2266 interfectus,

67 2292 217 2357 accidere
234 2315 300 2356 nou
317 2294 492 2377 potuisset,
509 2292 614 2355 ullam
638 2292 685 2355 rei
703 2291 858 2376 publicae
881 2299 1011 2376 partem
1034 2314 1112 2357 cum
1138 2309 1167 2354 ro
1190 2366 1193 2371 Α

67 2418 129 2461 sua
144 2398 282 2461 minima
297 2397 425 2462 invidia
446 2396 586 2461 auderet
608 2395 799 2481 attingere?
845 2395 983 2460 Servavi
1007 2396 1112 2482 igitur
1129 2473 1132 2478 Ι

67 2626 149 2675 filius
168 2627 195 2675 in
216 2626 272 2686 295,
291 2640 359 2689 gave
373 2626 445 2676 their
467 2625 533 2676 lives
551 2639 581 2675 as
636 2624 696 2685 549.
707 2623 786 2671 2-11.
799 2623 953 2673 neminem
960 2637 1113 2686 umquam,

66 2703 244 2765 propitiatory
251 2703 380 2766 offerings
387 2707 416 2752 to
423 2703 470 2752 the
477 2717 579 2752 unseen
602 2705 664 2761 etc,
678 2700 786 2763 already
796 2701 877 2764 urged
890 2701 917 2750 in
932 2701 1112 2753 lineatas.

66 2793 170 2840 powers
190 2780 218 2827 in
237 2779 315 2828 order
332 2784 361 2828 to
381 2779 460 2842 bring
476 2779 579 2841 victory
602 2789 651 2825 me
676 2812 681 2825 .
710 2812 716 2825 .
743 2812 749 2825 .
772 2777 934 2826 restituto:
957 2779 1046 2828 notice
1068 2780 1114 2829 the

66 2860 96 2904 to
118 2856 223 2905 Roman
241 2869 322 2905 arms.
601 2852 800 2903 accumulation
829 2853 859 2902 ol
889 2853 1029 2914 ablativos,
1059 2855 1113 2904 and

98 2931 199 2980 38-42.
228 2932 341 2994 partim
366 2967 371 2979 .
395 2967 401 2979 .
423 2968 429 2980 .
452 2931 578 2994 partim:
601 2928 743 2991 especially
754 2930 802 2978 the
816 2928 867 2978 abl.
882 2930 937 2978 abs.
957 2932 1034 2979 tanto
1051 2966 1057 2979 .
1078 2966 1111 2980 ..

66 3007 102 3057 cf.
116 3009 166 3071 Ep.
185 3008 264 3059 XVI.
284 3008 310 3057 5.
327 3008 370 3070 703
390 3008 460 3058 Mur.
479 3008 525 3056 51.
536 3009 575 3057 26.
600 3007 691 3055 studio
721 3006 839 3054 inclosed
860 3006 957 3054 within
986 3008 1113 3056 another:

66 3084 141 3146 ipse,
165 3090 193 3134 to
211 3085 289 3134 mark
312 3086 359 3134 the
381 3086 486 3147 change
507 3084 577 3133 from
600 3094 641 3130 mc
658 3117 665 3130 .
685 3116 692 3129 .
712 3117 718 3130 .
737 3083 875 3131 restituto.
906 3082 951 3130 rei
962 3081 1033 3144 pub.
1045 3095 1113 3144 par·

35 3153 38 3158 ’
66 3175 141 3211 more
159 3176 190 3210 or
208 3160 260 3210 less
279 3160 404 3210 doubtful
423 3161 531 3222 legends
549 3165 578 3210 to
600 3159 664 3204 tem
676 3157 836 3218 attingere,
848 3156 926 3207 ‘take
939 3171 992 3220 any
1004 3164 1065 3220 part
1084 3160 1112 3208 in

66 3236 121 3286 real
140 3237 251 3299 history.
293 3235 384 3285 huius
400 3238 442 3285 M.
462 3236 577 3285 Crassi:
599 3232 725 3294 polines!
761 3245 850 3281 cum.
868 3268 874 3280 .
891 3269 897 3281 .
914 3233 1049 3282 invidia:
1069 3234 1112 3284 ‘at

66 3328 111 3364 see
128 3328 162 3362 on
176 3314 222 3375 §3.
237 3315 252 3362 2
270 3314 303 3363 ad
316 3314 377 3363 iim:
394 3314 437 3362 for
449 3315 529 3364 buius
541 3314 575 3363 ci.
600 3309 647 3358 the
665 3309 720 3357 risk
736 3309 766 3357 of
782 3323 845 3358 ever
856 3323 885 3358 so
904 3309 973 3358 little
990 3324 1113 3373 unpopu·

66 3390 80 3450 ᾗ
103 3389 126 3438 6.
151 3389 174 3441 t.
210 3389 269 3438 The
296 3389 387 3449 father
407 3389 437 3438 of
465 3389 578 3438 Crassus
600 3383 856 3446 laritytohimself.'
891 3398 963 3433 cua:
981 3386 1027 3435 the
1039 3401 1108 3448 poss.

66 3479 121 3514 was
155 3464 308 3527 proscribcd
342 3464 377 3526 by
405 3464 494 3513 Cinna
523 3464 577 3512 and
601 3461 622 3510 is
634 3461 697 3510 here
710 3461 774 3510 used
787 3461 829 3509 for
840 3475 875 3509 an
887 3462 940 3523 obJ'.
954 3474 1015 3524 gen.
1031 3462 1111 3525 (auilt

66 3541 170 3589 Marius
198 3541 226 3588 in
262 3540 302 3600 st,
331 3540 385 3588 and
422 3540 577 3589 committed
600 3537 634 3586 A.
655 3538 702 3586 190
719 3537 753 3597 b;
775 3537 807 3586 G.
828 3538 875 3587 363
894 3539 984 3598 Rem.;
1007 3539 1043 3588 Η.
1063 3540 1111 3590 396

66 3617 169 3666 suicide
181 3620 209 3665 to
225 3616 304 3664 avoid
323 3615 420 3678 falling
439 3616 496 3665 into
508 3616 579 3665 their
601 3611 780 3673 111.N0t02;
799 3613 830 3665 B.
848 3615 897 3666 243
915 3616 938 3666 2.
966 3618 1108 3666 auderet:

65 3693 162 3742 hands.
197 3692 327 3749 videret,
342 3696 407 3741 etc:
423 3691 513 3741 notice
531 3692 578 3741 the
601 3691 636 3739 its
660 3691 775 3752 protasis
805 3691 826 3738 is
856 3691 965 3751 implied
1003 3692 1030 3740 in
1063 3693 1110 3742 the

65 3768 239 3823 alliteration.
600 3766 652 3818 abl.
677 3766 732 3817 abs.
755 3780 796 3818 me
814 3802 820 3816 .
840 3802 847 3818 .
867 3803 873 3817 .
893 3781 947 3818 non
969 3770 1109 3824 restituto:
