2678 4260
174 236 236 303 336
521 250 593 300 eno
612 251 642 300 r.
667 249 788 302 66666
811 250 959 301 enarro.

175 437 203 483 10
225 421 357 486 iuravit.
410 421 516 485 Cuius
547 443 643 486 aures
674 444 835 507 umquam
866 422 946 486 haec
979 427 1190 506 respuerunt,
1222 442 1276 487 co·

225 533 342 590 natum
371 548 443 591 esse
471 525 629 592 audacter
659 527 828 592 hominem
851 549 870 591 a
894 527 1039 611 pueritia
1062 546 1130 588 non
1161 525 1274 590 solum

224 630 480 715 intemperantia
510 640 544 695 et
574 631 707 707 scelere,
739 631 798 696 sed
829 632 930 696 ctiam
960 629 1206 695 consuetudine
1238 639 1274 697 et

223 734 335 799 studio
358 736 393 798 in
416 737 504 799 omni
522 735 659 822 flagitio,
676 745 803 821 stupro,
820 737 919 801 caede
944 736 1138 801 versatum?
1184 735 1271 816 Quis

224 861 301 904 eum
324 848 438 903 contra
461 841 602 924 patriam
625 849 832 926 pugnantem
856 841 978 925 perisse
1002 841 1151 918 miratur,
1169 862 1271 925 quem

174 959 201 1005 16
223 966 353 1028 semper
369 965 482 1008 omnes
498 943 541 1008 ad
557 945 656 1009 civile
673 946 887 1010 latrocinium
903 953 1018 1008 natum
1040 946 1271 1029 putaverunt?

224 1048 309 1128 Quis
335 1048 471 1113 Lentuli
494 1049 672 1113 societates
696 1071 772 1113 cum
804 1049 980 1126 indicibus
1006 1050 1081 1133 quis
1104 1050 1270 1114 insaniam

223 1153 410 1228 libidinum,
442 1152 519 1238 quis
550 1175 741 1237 perversam
772 1161 874 1238 atque
905 1154 1041 1239 impiam
1072 1153 1270 1240 religionem

222 1258 425 1333 recordatur,
450 1258 509 1342 qui
533 1258 630 1320 illum
653 1265 712 1321 aut
743 1257 869 1322 nefarie
893 1259 1057 1344 cogitasse
1081 1265 1142 1322 aut
1163 1259 1269 1324 stulte

143 1369 146 1373 ’
221 1383 369 1447 sperasse
400 1362 565 1426 miretur?
610 1361 694 1441 Quis
719 1361 760 1426 de
784 1360 823 1425 C.
841 1360 992 1447 Cethego
1013 1370 1115 1446 atque
1137 1363 1210 1426 eius
1234 1364 1268 1426 iu

170 1483 200 1529 20
223 1467 421 1551 Hispaniam
444 1465 650 1551 proiectione
675 1488 712 1530 ac
742 1466 783 1530 dc
815 1467 954 1530 vulnere
986 1464 1027 1544 Q.
1052 1465 1184 1530 Metelli
1216 1465 1268 1529 Pii

221 1573 356 1658 cogitat,
388 1572 443 1636 cui
474 1593 540 1635 666
572 1571 614 1635 ad
638 1572 730 1636 illius
761 1592 902 1655 poenam
930 1592 1042 1634 carcer
1073 1570 1268 1635 aedificatus

171 1682 207 1744 71
223 1699 293 1743 esse
333 1676 513 1742 videatur?
571 1676 700 1741 Omitto
737 1684 874 1752 ceteros,
912 1697 953 1740 ne
994 1675 1039 1738 sit
1078 1675 1267 1750 infinitum3

221 1789 354 1847 tantum
376 1803 395 1845 6
419 1781 512 1846 vobis
537 1788 625 1866 peto,
650 1789 690 1845 ut
712 1782 806 1844 taciti
830 1780 871 1844 de
896 1778 1060 1856 omuibus
1086 1800 1170 1863 quos
1194 1801 1269 1843 con-

220 1889 344 1952 iurasse
383 1887 555 1972 cognitum
593 1894 655 1962 est,
694 1887 871 1972 cogitetis3
916 1885 1122 1970 intellegetis
1162 1906 1268 1948 unum

168 2008 387 2077 aliquemque
411 2013 526 2056 eorum
557 1992 649 2075 prius
681 1992 722 2056 ab
752 2012 813 2055 666
837 1992 908 2055 vita
931 2011 1032 2074 quam
1064 1996 1176 2053 vestra
1198 2011 1268 2054 sus·

221 2097 349 2181 picione
389 2118 460 2161 6666
502 2096 707 2160 damnatum.
764 2096 880 2180 Ipsum
917 2094 1013 2157 illum
1048 2094 1266 2170 Autronium,

220 2202 378 2286 quoniam
402 2201 473 2264 eius
501 2222 621 2264 nomen
643 2201 824 2264 finitimum
840 2200 982 2263 maxime
999 2205 1051 2262 est
1066 2196 1168 2261 huius
1185 2198 1268 2282 peri·

220 2306 296 2370 culo
328 2312 363 2369 et
401 2305 541 2380 crimini,
574 2326 641 2369 non
672 2325 732 2368 666
763 2297 834 2368 vita
864 2325 902 2368 ac
941 2310 1061 2368 natura
1096 2301 1267 2365 convicit?

219 2408 356 2494 Semper
379 2409 499 2484 audax,
524 2409 691 2493 petulans,
718 2408 935 2483 libidinosus;
961 2428 1061 2491 quem
1083 2406 1116 2469 in
1137 2413 1280 2490 stupro·‘

166 2529 196 2575 30
218 2537 292 2578 rum
315 2512 566 2578 defensionibus
591 2535 658 2576 non
681 2513 790 2577 solum
816 2513 925 2577 verbis
945 2512 996 2575 uti
1012 2509 1264 2594 improbissimis

247 2713 363 2770 10,11.
395 2715 543 2761 conatum
563 2725 639 2769 6666,
662 2718 724 2772 etc,
752 2712 885 2762 Sertorius
919 2712 946 2760 in
982 2711 1073 2774 Spain,
1095 2708 1187 2761 79-71:
1221 2723 1264 2759 see

219 2790 296 2839 ‘that
318 2806 334 2840 a
356 2792 494 2855 desperate
529 2796 644 2853 attempt
672 2805 726 2840 was
751 2788 841 2850 Allen,
854 2804 879 2851 p.
892 2786 1119 2850 19330reighton,
1131 2800 1157 2848 p.
1168 2786 1209 2846 69,
1221 2785 1263 2846 703

216 2867 294 2916 made
321 2869 355 2930 by
378 2883 393 2916 a
417 2883 478 2917 man
503 2869 563 2917 who
591 2869 660 2916 from
684 2868 726 2916 his
752 2867 848 2928 Myem,
878 2880 903 2928 p.
931 2865 975 2925 933
1003 2863 1125 2923 Pennell,
1155 2877 1180 2924 p.
1207 2863 1260 2911 116.

216 2944 301 3006 youth
324 2945 376 2994 had
400 2945 528 3007 engaged,
553 2958 589 2992 ou
612 2950 726 2994 account
751 2943 872 3005 Nothing
886 2943 907 2991 is
919 2942 1019 2990 known
1031 2940 1060 2990 oi
1078 2940 1132 2988 this
1148 2940 1263 3001 journey

215 3021 244 3069 oi
272 3020 355 3070 moral
386 3021 534 3083 instability
557 3021 609 3070 and
638 3021 725 3069 crimi-
750 3020 803 3068 and
832 3018 1031 3080 attempted
1056 3016 1258 3066 assassiuatiou.

215 3097 308 3160 nality,
328 3112 356 3147 66
375 3098 433 3147 6611
459 3112 488 3146 66
509 3098 579 3147 from
602 3097 674 3147 force
697 3097 725 3145 oi
749 3108 868 3146 carcer:
886 3110 930 3145 666
947 3109 983 3144 66
1002 3093 1098 3143 11.22.
1117 3093 1155 3142 18.
1192 3104 1261 3142 6666

214 3174 291 3223 habit
309 3175 360 3223 and
381 3175 526 3224 deliberate
548 3188 671 3236 purpose,
697 3175 724 3223 in
749 3173 908 3223 videatur:
925 3187 968 3222 666
980 3172 1042 3232 0n§
1054 3171 1076 3220 3.
1091 3171 1130 3219 41.

214 3250 251 3300 all
268 3257 336 3301 sorts
354 3253 383 3301 of
400 3251 566 3313 scandalous,
580 3251 656 3312 lewd,
671 3252 722 3300 and
780 3248 948 3310 §vnn-w.
960 3245 1161 3307 intellegetis:
1171 3245 1261 3295 notice

214 3329 371 3379 murderous
382 3329 458 3379 acts’
749 3327 808 3375 that
817 3327 862 3375 the
871 3331 978 3387 request
986 3327 1050 3385 peto
1060 3326 1090 3371 61
1107 3359 1113 3371 .
1134 3358 1140 3370 .
1161 3357 1167 3371 .
1188 3323 1260 3383 copi·

245 3405 345 3454 16-22.
362 3406 534 3455 indicibus:
549 3420 592 3455 see
603 3420 638 3454 on
652 3406 720 3454 Mur.
748 3405 811 3452 tetis
827 3416 881 3450 :a
903 3402 967 3450 mlld
992 3399 1150 3462 imperative
1176 3397 1260 3458 (copi-

213 3481 259 3530 49.
272 3483 309 3532 11.
344 3482 539 3531 insaniam
551 3481 723 3538 libidinum,
748 3477 825 3541 tote),
835 3478 888 3527 and
898 3478 932 3527 ci.
943 3479 987 3539 §a
998 3478 1037 3526 25.
1064 3475 1104 3523 ab
1113 3487 1170 3522 sua
1179 3473 1258 3522 vita:

215 3556 291 3608 ‘mad
302 3559 453 3621 caprices:’
468 3560 564 3608 fortlre
574 3565 627 3608 two
636 3572 723 3607 nouns
748 3558 791 3606 ior
813 3557 859 3604 the
886 3569 959 3617 prep.
987 3568 1030 3603 666
1058 3567 1093 3602 on
1118 3551 1140 3601 1.
1165 3549 1211 3599 25.
1233 3551 1256 3600 8.

212 3635 247 3684 ci.
267 3634 407 3696 §521.15;
426 3636 558 3697 14.11;4.
581 3636 608 3684 13
627 3635 679 3683 and
698 3632 721 3684 ’1.
748 3631 990 3687 defensionibus,
1009 3629 1153 3692 ‘speecnes
1175 3627 1258 3676 deliv-

211 3711 397 3773 reIIgionem,
433 3711 641 3774 ‘superstition’
688 3710 722 3769 Q.
748 3709 848 3758 credin
863 3703 1256 3757 (161611666111666616666616.’

211 3786 336 3838 Metelli
358 3788 405 3838 Pii
423 3789 599 3841 commanded
617 3788 735 3855 against·
749 3788 780 3839 ln
790 3785 883 3840 Cicero
893 3786 939 3839 the
949 3783 1019 3838 word
1030 3781 1152 3848 defensio
1160 3781 1260 3843 always
