2678 4260
189 233 251 305 204
514 247 586 305 rao
609 248 638 304 n.
662 248 822 307 norrun
845 249 993 307 ornrro

188 441 216 486 10
238 424 407 490 interdum
430 425 472 489 ad
496 425 605 490 iorum
629 427 836 502 deducimur,
856 428 885 490 si
909 449 975 490 uno
1000 426 1156 491 basilicae
1183 424 1290 513 spatio

239 529 465 607 honestamur,
486 530 666 617 diligenter
682 531 849 595 observari
872 530 1025 595 videmur
1040 539 1076 596 ct
1098 531 1180 606 ooli3
1199 540 1290 596 tenn-

238 635 345 696 iorum
358 634 540 698 amicorum
556 643 590 699 et
606 657 671 698 non
690 645 927 720 occupatorum
945 643 998 699 est
1014 635 1077 699 ista
1093 634 1288 712 adsiduitas,
1304 628 1308 633 ’

238 760 381 821 quorum
404 739 499 823 copia
518 738 613 803 bonis
638 740 717 804 viris
741 749 777 804 et
799 738 955 804 beneficis
979 738 1093 804 deesse
1110 761 1177 803 non
1194 739 1288 807 solet.

186 845 223 907 71
238 841 315 905 Noli
326 843 430 928 igitur
440 845 565 927 eripere
578 843 667 907 hunc
677 842 826 921 inferiori
834 845 949 929 generi
958 843 1132 907 hominum
1141 843 1289 908 fructum

187 962 214 1006 15
237 945 346 1022 officii,
364 945 469 1022 Cat03
486 948 557 1012 sine
574 970 640 1023 eos,
658 949 716 1036 qui
734 948 845 1011 omnia
862 970 881 1011 a
896 947 991 1011 nobis
1008 956 1154 1032 sperant,
1170 947 1289 1012 habere

237 1051 326 1134 ipsos
346 1072 480 1135 quoque
505 1051 643 1135 aliquid,
669 1051 761 1136 quod
784 1051 877 1116 nobis
900 1051 1046 1117 tribuere
1068 1053 1208 1137 possint.
1255 1051 1288 1115 Si

237 1153 321 1217 nihil
345 1156 410 1218 erit
431 1163 562 1238 praeter
588 1156 735 1239 ipsorum
759 1153 969 1243 suffragium,
993 1164 1096 1222 tenue
1119 1163 1181 1233 est,
1205 1156 1288 1219 nihil

236 1259 352 1322 valent
361 1260 484 1345 gratia;
502 1260 564 1343 ipsi
578 1258 723 1344 denique
738 1260 898 1324 utsolent
909 1261 1013 1345 loqui,
1028 1282 1094 1324 non
1109 1259 1218 1326 dicere
1230 1282 1288 1345 pro

236 1361 339 1438 nobis,
358 1384 424 1426 non
447 1361 621 1447 spondere,
640 1384 706 1426 non
724 1384 842 1426 vocare
869 1362 1004 1426 domum
1028 1385 1122 1426 suam
1147 1371 1290 1447 possunt

184 1481 214 1526 20
235 1473 338 1551 atque
351 1467 432 1530 haec
442 1488 462 1530 a
472 1466 566 1531 nobis
577 1474 699 1551 petunt
711 1468 821 1531 onmia
834 1489 943 1551 neque
959 1468 1030 1530 ulla
1041 1489 1074 1531 re
1087 1468 1161 1542 alia,
1173 1488 1288 1552 quaea

235 1570 330 1636 nobis
339 1578 574 1647 consecuntur,
583 1572 647 1634 nisi
658 1592 825 1655 operasua
833 1573 1038 1655 compensari
1046 1579 1169 1655 putant
1181 1592 1286 1655 posse.

236 1674 355 1758 ltaque
373 1683 407 1738 et
423 1675 488 1761 legi
506 1674 638 1750 Fabiae,
651 1697 736 1759 quae
754 1683 806 1739 est
822 1673 862 1739 de
881 1697 1018 1739 numero
1028 1682 1242 1751 sectatorum,
1254 1683 1288 1739 et

234 1786 371 1844 senatus
395 1779 558 1853 consulto,
580 1778 671 1863 qnod
695 1786 746 1844 est
769 1778 807 1842 L.
826 1778 965 1844 Caesare
989 1779 1125 1843 consule
1149 1778 1286 1856 iactum,

234 1884 441 1947 restiterunt.
488 1881 591 1945 Nulla
604 1890 655 1947 est
666 1884 755 1946 enim
771 1903 887 1966 poena,
901 1904 987 1968 quae
1001 1881 1288 1966 possitobservan-

183 2003 211 2048 25
234 1989 315 2051 tiam
331 1988 524 2051 tenuiorum
540 1986 655 2051 abhoc
672 1995 784 2051 vetere
802 1988 960 2050 instituto
976 1986 1162 2051 officiorum
1175 1988 1288 2052 exclu-

184 2093 223 2156 72
235 2090 322 2155 dere.
370 2091 419 2154 Αῖ
434 2091 625 2174 spectacula
641 2100 721 2154 sunt
736 2090 890 2155 tributim
902 2089 979 2155 data
994 2098 1030 2154 et
1044 2089 1087 2155 ad
1107 2091 1287 2176 prandium

235 2194 339 2280 vulgo
352 2196 471 2259 vocati.
511 2194 585 2258 Etsi
595 2194 657 2258 hoc
670 2194 797 2258 facturn
808 2216 827 2257 a
838 2194 981 2259 Murena
992 2195 1136 2271 omnino,
1148 2194 1285 2272 iudices

235 2320 302 2361 non
319 2305 379 2374 est,
396 2298 438 2362 ab
453 2299 524 2362 eius
541 2299 654 2363 amicis
671 2306 785 2363 autem
801 2319 892 2363 more
909 2305 944 2363 et
965 2298 1063 2363 modo
1079 2297 1208 2364 factum
1224 2307 1285 2377 est,

234 2410 346 2466 tamen
369 2401 559 2466 admonitus
585 2424 619 2467 re
644 2403 716 2487 ipsa
742 2402 904 2479 recordor,
933 2410 1099 2487 quantum
1123 2402 1186 2468 hae
1211 2425 1286 2468 con·

183 2521 212 2566 eo
235 2507 427 2590 questiones
455 2506 490 2568 in
516 2514 634 2570 senatu
663 2506 795 2571 habitae
820 2514 1023 2590 punctorum
1046 2505 1150 2583 nobis,
1179 2505 1285 2584 Servi,

234 2663 256 2710 it
279 2662 343 2710 with
367 2661 512 2721 observari,
537 2663 669 2723 inserting
699 2663 745 2722 ‘by
767 2663 892 2724 question
914 2677 967 2712 was
986 2662 1090 2724 passed.
1125 2662 1176 2713 See
1198 2676 1224 2726 p.
1244 2664 1283 2722 64,

233 2737 323 2786 them’
344 2738 371 2784 in
390 2737 436 2785 the
454 2737 629 2786 subordinate
647 2736 745 2786 clause.
768 2738 782 2799 ξ
805 2739 845 2786 54.
902 2737 1094 2795 restiterunt.
1136 2738 1282 2800 ‘ignotae’

221 2807 283 2860 'See
295 2826 329 2860 on
344 2811 380 2859 Ii.
395 2811 421 2858 5.
433 2810 461 2872 ῖς
478 2810 524 2859 19.
537 2811 575 2863 n.
767 2811 1009 2870 observantiam,
1023 2811 1202 2864 ‘deterence'

264 2885 310 2934 10.
328 2897 391 2933 uno
415 2920 420 2932 .
445 2920 451 2932 .
476 2920 482 2932 .
506 2886 617 2947 spatio,
650 2887 701 2948 ‘by
732 2901 747 2934 a
800 2885 871 2948 §72
890 2887 936 2936 26.
954 2887 1144 2949 spectacula
1182 2893 1286 2952 tempo·

233 2960 319 3024 single
341 2960 435 3021 length
459 2960 489 3010 of
515 2975 531 3008 a
553 2961 644 3023 public
671 2962 744 3011 hali)
768 2975 827 3023 rary
838 2962 933 3011 stands
945 2963 1016 3012 from
1030 2963 1118 3012 which
1133 2963 1182 3013 the
1198 2964 1285 3027 sights

234 3037 292 3085 The
311 3036 442 3086 basilicae
462 3051 531 3086 were
552 3037 688 3100 buildings
711 3052 747 3086 on
767 3036 844 3086 could
857 3037 890 3086 be
902 3052 974 3088 seen.

233 3112 280 3160 the
301 3112 400 3173 iorum,
425 3127 455 3161 or
477 3127 544 3162 near
566 3114 595 3174 it,
617 3114 682 3163 used
706 3115 748 3162 t'or
798 3111 843 3160 28.
860 3123 948 3161 more
961 3111 1109 3170 amodo,
1123 3111 1285 3176 ‘according
1325 3166 1332 3177 ‚

233 3187 302 3236 hails
314 3188 342 3236 ci
353 3188 460 3248 justice,
474 3189 635 3250 exclrangcs,
647 3196 696 3238 etc.
767 3192 795 3238 te
812 3193 917 3236 custom
935 3187 989 3236 and
1008 3188 1075 3237 with
1093 3187 1281 3250 moderation,'

266 3263 280 3323 ἓ
293 3261 331 3314 71.
350 3262 396 3310 15.
414 3263 481 3311 sine
501 3265 596 3325 (verb),
613 3265 744 3326 ‘permit’
767 3261 820 3323 i.e.,
834 3267 882 3311 not
893 3262 981 3323 culpo,
995 3277 1025 3312 as
1037 3262 1106 3312 Cato
1117 3263 1244 3313 asserted.

265 3338 310 3386 22.
327 3337 388 3399 legi
426 3339 550 3397 Fabiae,
590 3341 746 3390 mentioned
797 3336 843 3394 29,
866 3336 911 3385 ³0·
930 3336 1111 3386 admonium
1140 3350 1174 3387 10
1207 3338 1282 3400 ipit.

234 3413 297 3462 here
316 3413 389 3476 only,
408 3416 523 3476 perhaps
541 3429 557 3464 a
575 3416 746 3478 supplement
768 3411 924 3462 ‘reminded
947 3414 981 3476 by
1000 3414 1048 3463 the
1067 3428 1141 3464 mere
1160 3415 1282 3465 mention

234 3493 262 3536 to
276 3488 324 3536 the
337 3488 378 3537 lec
392 3489 621 3551 eaiparniotlt.
636 3493 659 3539 2.
766 3490 795 3537 oi
820 3489 860 3538 it.’
908 3492 1058 3551 quantum
1082 3494 1281 3552 punctorum,

265 3563 310 3620 23,
321 3564 367 3612 24.
383 3564 414 3612 L
425 3564 523 3627 (Julio)
537 3565 675 3624 Caesare,
685 3581 746 3615 con·
768 3564 846 3614 ‘how
864 3579 945 3627 many
964 3565 1058 3616 votes!
1094 3565 1134 3615 At
1155 3580 1191 3616 an
1215 3566 1282 3617 elec·

234 3638 275 3688 sul
299 3641 326 3689 in
353 3640 397 3702 643
424 3642 485 3690 that
514 3642 606 3692 consul
634 3641 698 3704 only
723 3643 745 3691 is
766 3642 822 3690 tion
846 3643 875 3690 oi
897 3644 1067 3706 magistrates
1086 3657 1103 3692 a
1121 3644 1208 3694 ticket
1231 3645 1283 3704 (ta-

234 3717 390 3765 mentioned
406 3717 467 3767 who
484 3718 607 3779 presided
625 3732 688 3767 over
700 3719 745 3767 the
766 3717 847 3774 bellat
877 3720 1037 3782 containing
1066 3721 1112 3770 the
1135 3734 1232 3771 names
1254 3720 1283 3769 ot

234 3796 326 3840 senate
355 3793 433 3842 when
462 3792 508 3842 the
536 3793 689 3843 coartatum
716 3793 745 3841 in
765 3793 802 3842 all
826 3795 873 3844 the
896 3795 1054 3846 candidates
1075 3809 1129 3846 was
1150 3798 1232 3861 given
1254 3802 1282 3846 to
