<?xml version="1.0" encoding="UTF-8"?>
<!DOCTYPE html PUBLIC "-//W3C//DTD XHTML 1.0 Transitional//EN"
    "http://www.w3.org/TR/xhtml1/DTD/xhtml1-transitional.dtd">
<html xmlns="http://www.w3.org/1999/xhtml" xml:lang="en" lang="en">
 <head>
  <title>
</title>
<meta http-equiv="Content-Type" content="text/html;charset=utf-8" />
  <meta name='ocr-system' content='tesseract 3.04.00' />
  <meta name='ocr-capabilities' content='ocr_page ocr_carea ocr_par ocr_line ocrx_word'/>
</head>
<body>
  <div class='ocr_page' id='page_1' title='image "./selectedoration00cicegoog_0505.png"; bbox 0 0 2678 4260; ppageno 0'>
   <div class='ocr_carea' id='block_1_1' title="bbox 153 233 926 306">
    <p class='ocr_par' dir='ltr' id='par_1_1' title="bbox 153 233 926 306">
     <span class='ocr_line' id='line_1_1' title="bbox 153 233 926 306; baseline -0.006 0"><span class='ocrx_word' id='word_1_1' title='bbox 153 233 219 306; x_wconf 78' lang='lat'>524</span> <span class='ocrx_word' id='word_1_2' title='bbox 477 249 548 303; x_wconf 80' lang='lat' dir='ltr'>rao</span> <span class='ocrx_word' id='word_1_3' title='bbox 571 250 600 304; x_wconf 82' lang='lat' dir='ltr'>r.</span> <span class='ocrx_word' id='word_1_4' title='bbox 627 248 754 303; x_wconf 82' lang='lat' dir='ltr'>snsrro</span> <span class='ocrx_word' id='word_1_5' title='bbox 777 247 926 303; x_wconf 79' lang='lat' dir='ltr'>omno.</span> 
     </span>
    </p>
   </div>
   <div class='ocr_carea' id='block_1_2' title="bbox 130 421 1339 2487">
    <p class='ocr_par' dir='ltr' id='par_1_2' title="bbox 130 421 1339 2487">
     <span class='ocr_line' id='line_1_2' title="bbox 150 421 1250 509; baseline 0 -21"><span class='ocrx_word' id='word_1_6' title='bbox 150 443 179 488; x_wconf 83' lang='lat' dir='ltr'>ao</span> <span class='ocrx_word' id='word_1_7' title='bbox 202 448 262 490; x_wconf 89' lang='lat' dir='ltr'>nec</span> <span class='ocrx_word' id='word_1_8' title='bbox 286 427 469 491; x_wconf 72' lang='lat' dir='ltr'>senectutis</span> <span class='ocrx_word' id='word_1_9' title='bbox 493 427 572 490; x_wconf 88' lang='lat' dir='ltr'>satis</span> <span class='ocrx_word' id='word_1_10' title='bbox 597 421 719 489; x_wconf 88' lang='lat' dir='ltr'>iustam</span> <span class='ocrx_word' id='word_1_11' title='bbox 743 425 896 508; x_wconf 83' lang='lat' dir='ltr'>putavit3</span> <span class='ocrx_word' id='word_1_12' title='bbox 921 445 1019 488; x_wconf 91' lang='lat' dir='ltr'>nemo</span> <span class='ocrx_word' id='word_1_13' title='bbox 1035 421 1114 499; x_wconf 84' lang='lat' dir='ltr'>fuit,</span> <span class='ocrx_word' id='word_1_14' title='bbox 1131 423 1192 509; x_wconf 92' lang='lat' dir='ltr'>qui</span> <span class='ocrx_word' id='word_1_15' title='bbox 1216 444 1250 488; x_wconf 90' lang='lat' dir='ltr'>se</span> 
     </span>
     <span class='ocr_line' id='line_1_3' title="bbox 202 527 1288 615; baseline 0.001 -23"><span class='ocrx_word' id='word_1_16' title='bbox 202 552 267 594; x_wconf 93' lang='lat' dir='ltr'>non</span> <span class='ocrx_word' id='word_1_17' title='bbox 285 552 352 594; x_wconf 90' lang='lat' dir='ltr'>rem</span> <span class='ocrx_word' id='word_1_18' title='bbox 370 530 537 615; x_wconf 81' lang='lat' dir='ltr'>publicam</span> <span class='ocrx_word' id='word_1_19' title='bbox 556 551 685 594; x_wconf 91' lang='lat' dir='ltr'>mecum</span> <span class='ocrx_word' id='word_1_20' title='bbox 704 529 806 592; x_wconf 90' lang='lat' dir='ltr'>simul</span> <span class='ocrx_word' id='word_1_21' title='bbox 822 549 976 592; x_wconf 87' lang='lat' dir='ltr'>revocare</span> <span class='ocrx_word' id='word_1_22' title='bbox 1000 528 1036 590; x_wconf 90' lang='lat' dir='ltr'>in</span> <span class='ocrx_word' id='word_1_23' title='bbox 1059 550 1139 593; x_wconf 93' lang='lat' dir='ltr'>suas</span> <span class='ocrx_word' id='word_1_24' title='bbox 1156 527 1251 593; x_wconf 90' lang='lat' dir='ltr'>sedes</span> <span class='ocrx_word' id='word_1_25' title='bbox 1282 558 1288 575; x_wconf 91' lang='lat'><strong>·</strong></span> 
     </span>
     <span class='ocr_line' id='line_1_4' title="bbox 201 633 430 698; baseline -0.009 0"><span class='ocrx_word' id='word_1_26' title='bbox 201 633 430 698; x_wconf 80' lang='lat' dir='ltr'><strong>arbitraretur.</strong></span> 
     </span>
     <span class='ocr_line' id='line_1_5' title="bbox 131 735 1252 822; baseline -0.001 -21"><span class='ocrx_word' id='word_1_27' title='bbox 131 741 188 802; x_wconf 85' lang='lat'>11³</span> <span class='ocrx_word' id='word_1_28' title='bbox 248 755 324 801; x_wconf 81' lang='lat' dir='ltr'>LIII.</span> <span class='ocrx_word' id='word_1_29' title='bbox 364 738 549 802; x_wconf 85' lang='lat' dir='ltr'>Videamus</span> <span class='ocrx_word' id='word_1_30' title='bbox 573 759 662 819; x_wconf 87' lang='lat' dir='ltr'>nunc</span> <span class='ocrx_word' id='word_1_31' title='bbox 694 738 829 800; x_wconf 91' lang='lat' dir='ltr'>comitia</span> <span class='ocrx_word' id='word_1_32' title='bbox 854 737 1122 822; x_wconf 77' lang='lat' dir='ltr'>magistratuum.</span> <span class='ocrx_word' id='word_1_33' title='bbox 1171 735 1252 800; x_wconf 84' lang='lat' dir='ltr'>Fuit</span> 
     </span>
     <span class='ocr_line' id='line_1_6' title="bbox 202 839 1250 927; baseline -0.002 -21"><span class='ocrx_word' id='word_1_34' title='bbox 202 843 391 927; x_wconf 83' lang='lat' dir='ltr'>conlegium</span> <span class='ocrx_word' id='word_1_35' title='bbox 424 864 531 926; x_wconf 86' lang='lat' dir='ltr'>nuper</span> <span class='ocrx_word' id='word_1_36' title='bbox 563 841 792 916; x_wconf 90' lang='lat' dir='ltr'>tribunicium,</span> <span class='ocrx_word' id='word_1_37' title='bbox 824 841 859 902; x_wconf 91' lang='lat' dir='ltr'>in</span> <span class='ocrx_word' id='word_1_38' title='bbox 903 861 970 924; x_wconf 91' lang='lat' dir='ltr'>quo</span> <span class='ocrx_word' id='word_1_39' title='bbox 1001 846 1069 904; x_wconf 90' lang='lat' dir='ltr'>tres</span> <span class='ocrx_word' id='word_1_40' title='bbox 1102 839 1250 915; x_wconf 88' lang='lat' dir='ltr'>minime,</span> 
     </span>
     <span class='ocr_line' id='line_1_7' title="bbox 205 936 1250 1030; baseline -0.002 -20"><span class='ocrx_word' id='word_1_41' title='bbox 205 945 421 1010; x_wconf 88' lang='lat' dir='ltr'>vehementer</span> <span class='ocrx_word' id='word_1_42' title='bbox 452 946 519 1009; x_wconf 90' lang='lat' dir='ltr'>dno</span> <span class='ocrx_word' id='word_1_43' title='bbox 551 946 729 1030; x_wconf 89' lang='lat' dir='ltr'>populares</span> <span class='ocrx_word' id='word_1_44' title='bbox 761 943 1051 1009; x_wconf 86' lang='lat' dir='ltr'>existimabantur.</span> <span class='ocrx_word' id='word_1_45' title='bbox 1114 943 1168 1007; x_wconf 88' lang='lat' dir='ltr'>Ex</span> <span class='ocrx_word' id='word_1_46' title='bbox 1199 936 1250 1019; x_wconf 78' lang='lat' dir='ltr'>iia,</span> 
     </span>
     <span class='ocr_line' id='line_1_8' title="bbox 203 1048 1250 1135; baseline -0.001 -22"><span class='ocrx_word' id='word_1_47' title='bbox 203 1051 262 1134; x_wconf 93' lang='lat' dir='ltr'>qui</span> <span class='ocrx_word' id='word_1_48' title='bbox 290 1051 467 1135; x_wconf 89' lang='lat' dir='ltr'>populares</span> <span class='ocrx_word' id='word_1_49' title='bbox 496 1072 562 1113; x_wconf 93' lang='lat' dir='ltr'>non</span> <span class='ocrx_word' id='word_1_50' title='bbox 590 1048 810 1124; x_wconf 84' lang='lat' dir='ltr'>habebantur,</span> <span class='ocrx_word' id='word_1_51' title='bbox 837 1048 959 1132; x_wconf 89' lang='lat' dir='ltr'>quibus</span> <span class='ocrx_word' id='word_1_52' title='bbox 987 1049 1021 1110; x_wconf 90' lang='lat' dir='ltr'>in</span> <span class='ocrx_word' id='word_1_53' title='bbox 1046 1049 1105 1111; x_wconf 91' lang='lat' dir='ltr'>illo</span> <span class='ocrx_word' id='word_1_54' title='bbox 1129 1069 1250 1134; x_wconf 83' lang='lat' dir='ltr'>genere</span> 
     </span>
     <span class='ocr_line' id='line_1_9' title="bbox 164 1151 1249 1236; baseline 0.004 -20"><span class='ocrx_word' id='word_1_55' title='bbox 164 1171 178 1216; x_wconf 80' lang='lat'><strong>5</strong></span> <span class='ocrx_word' id='word_1_56' title='bbox 201 1154 442 1219; x_wconf 89' lang='lat' dir='ltr'>conductarum</span> <span class='ocrx_word' id='word_1_57' title='bbox 462 1156 656 1218; x_wconf 91' lang='lat' dir='ltr'>contionum</span> <span class='ocrx_word' id='word_1_58' title='bbox 675 1151 879 1217; x_wconf 88' lang='lat' dir='ltr'>consistendi</span> <span class='ocrx_word' id='word_1_59' title='bbox 904 1161 1053 1236; x_wconf 90' lang='lat' dir='ltr'>potestas</span> <span class='ocrx_word' id='word_1_60' title='bbox 1078 1173 1145 1215; x_wconf 93' lang='lat' dir='ltr'>non</span> <span class='ocrx_word' id='word_1_61' title='bbox 1170 1159 1249 1221; x_wconf 77' lang='lat' dir='ltr'>erat.</span> 
     </span>
     <span class='ocr_line' id='line_1_10' title="bbox 202 1253 1249 1343; baseline -0.003 -21"><span class='ocrx_word' id='word_1_62' title='bbox 202 1258 270 1322; x_wconf 90' lang='lat' dir='ltr'>duo</span> <span class='ocrx_word' id='word_1_63' title='bbox 294 1280 313 1321; x_wconf 90' lang='lat' dir='ltr'>a</span> <span class='ocrx_word' id='word_1_64' title='bbox 335 1259 461 1343; x_wconf 91' lang='lat' dir='ltr'>populo</span> <span class='ocrx_word' id='word_1_65' title='bbox 480 1259 629 1321; x_wconf 88' lang='lat' dir='ltr'>Romano</span> <span class='ocrx_word' id='word_1_66' title='bbox 653 1253 828 1341; x_wconf 87' lang='lat' dir='ltr'>praetores</span> <span class='ocrx_word' id='word_1_67' title='bbox 846 1256 944 1320; x_wconf 88' lang='lat' dir='ltr'>video</span> <span class='ocrx_word' id='word_1_68' title='bbox 967 1278 1037 1320; x_wconf 87' lang='lat' dir='ltr'>esse</span> <span class='ocrx_word' id='word_1_69' title='bbox 1054 1256 1183 1332; x_wconf 78' lang='lat' dir='ltr'>factos3</span> <span class='ocrx_word' id='word_1_70' title='bbox 1207 1264 1249 1331; x_wconf 84' lang='lat' dir='ltr'>et,</span> 
     </span>
     <span class='ocr_line' id='line_1_11' title="bbox 203 1358 1339 1446; baseline 0 -22"><span class='ocrx_word' id='word_1_71' title='bbox 203 1371 367 1446; x_wconf 91' lang='lat' dir='ltr'>quantum</span> <span class='ocrx_word' id='word_1_72' title='bbox 399 1361 608 1427; x_wconf 87' lang='lat' dir='ltr'>sermonibus</span> <span class='ocrx_word' id='word_1_73' title='bbox 640 1361 735 1445; x_wconf 84' lang='lat' dir='ltr'>vulgi</span> <span class='ocrx_word' id='word_1_74' title='bbox 767 1367 801 1423; x_wconf 91' lang='lat' dir='ltr'>et</span> <span class='ocrx_word' id='word_1_75' title='bbox 839 1358 1010 1445; x_wconf 84' lang='lat' dir='ltr'>suffragiis</span> <span class='ocrx_word' id='word_1_76' title='bbox 1054 1360 1249 1445; x_wconf 81' lang='lat' dir='ltr'>intellegere</span> <span class='ocrx_word' id='word_1_77' title='bbox 1338 1397 1339 1404; x_wconf 45' lang='lat'>1</span> 
     </span>
     <span class='ocr_line' id='line_1_12' title="bbox 202 1462 1248 1550; baseline -0.005 -20"><span class='ocrx_word' id='word_1_78' title='bbox 202 1467 308 1549; x_wconf 89' lang='lat' dir='ltr'>potui,</span> <span class='ocrx_word' id='word_1_79' title='bbox 325 1489 402 1550; x_wconf 87' lang='lat' dir='ltr'>prae</span> <span class='ocrx_word' id='word_1_80' title='bbox 420 1488 454 1530; x_wconf 89' lang='lat' dir='ltr'>se</span> <span class='ocrx_word' id='word_1_81' title='bbox 480 1465 625 1550; x_wconf 91' lang='lat' dir='ltr'>populns</span> <span class='ocrx_word' id='word_1_82' title='bbox 652 1464 824 1528; x_wconf 88' lang='lat' dir='ltr'>Romanus</span> <span class='ocrx_word' id='word_1_83' title='bbox 849 1462 980 1527; x_wconf 84' lang='lat' dir='ltr'>ferebat</span> <span class='ocrx_word' id='word_1_84' title='bbox 1004 1462 1066 1526; x_wconf 89' lang='lat' dir='ltr'>sibi</span> <span class='ocrx_word' id='word_1_85' title='bbox 1094 1463 1190 1526; x_wconf 89' lang='lat' dir='ltr'>illum</span> <span class='ocrx_word' id='word_1_86' title='bbox 1216 1465 1248 1527; x_wconf 94' lang='lat' dir='ltr'>in</span> 
     </span>
     <span class='ocr_line' id='line_1_13' title="bbox 201 1568 1249 1653; baseline -0.004 -20"><span class='ocrx_word' id='word_1_87' title='bbox 201 1568 377 1634; x_wconf 84' lang='lat' dir='ltr'>tribunatu</span> <span class='ocrx_word' id='word_1_88' title='bbox 396 1570 456 1634; x_wconf 88' lang='lat' dir='ltr'>Cn.</span> <span class='ocrx_word' id='word_1_89' title='bbox 476 1570 603 1633; x_wconf 92' lang='lat' dir='ltr'>Domiti</span> <span class='ocrx_word' id='word_1_90' title='bbox 621 1569 770 1632; x_wconf 90' lang='lat' dir='ltr'>animum</span> <span class='ocrx_word' id='word_1_91' title='bbox 789 1574 1000 1631; x_wconf 88' lang='lat' dir='ltr'>constantem</span> <span class='ocrx_word' id='word_1_92' title='bbox 1019 1575 1054 1630; x_wconf 93' lang='lat' dir='ltr'>et</span> <span class='ocrx_word' id='word_1_93' title='bbox 1077 1569 1249 1653; x_wconf 85' lang='lat' dir='ltr'>egregium</span> 
     </span>
     <span class='ocr_line' id='line_1_14' title="bbox 149 1670 1248 1752; baseline 0.002 -20"><span class='ocrx_word' id='word_1_94' title='bbox 149 1689 178 1735; x_wconf 90' lang='lat'>10</span> <span class='ocrx_word' id='word_1_95' title='bbox 200 1682 235 1738; x_wconf 93' lang='lat' dir='ltr'>et</span> <span class='ocrx_word' id='word_1_96' title='bbox 266 1673 306 1752; x_wconf 82' lang='lat' dir='ltr'>Q.</span> <span class='ocrx_word' id='word_1_97' title='bbox 341 1674 489 1738; x_wconf 86' lang='lat' dir='ltr'>Anchari</span> <span class='ocrx_word' id='word_1_98' title='bbox 522 1673 620 1738; x_wconf 85' lang='lat' dir='ltr'>fidem</span> <span class='ocrx_word' id='word_1_99' title='bbox 654 1695 691 1736; x_wconf 91' lang='lat' dir='ltr'>ac</span> <span class='ocrx_word' id='word_1_100' title='bbox 723 1670 968 1747; x_wconf 83' lang='lat' dir='ltr'>fortitudinem,</span> <span class='ocrx_word' id='word_1_101' title='bbox 1001 1671 1134 1735; x_wconf 89' lang='lat' dir='ltr'>etiamsi</span> <span class='ocrx_word' id='word_1_102' title='bbox 1167 1671 1248 1734; x_wconf 87' lang='lat' dir='ltr'>nihil</span> 
     </span>
     <span class='ocr_line' id='line_1_15' title="bbox 201 1774 1249 1864; baseline -0.004 -23"><span class='ocrx_word' id='word_1_103' title='bbox 201 1799 299 1864; x_wconf 88' lang='lat' dir='ltr'>agere</span> <span class='ocrx_word' id='word_1_104' title='bbox 322 1780 522 1862; x_wconf 85' lang='lat' dir='ltr'>potuissent,</span> <span class='ocrx_word' id='word_1_105' title='bbox 540 1786 651 1842; x_wconf 88' lang='lat' dir='ltr'>tamen</span> <span class='ocrx_word' id='word_1_106' title='bbox 676 1777 853 1841; x_wconf 88' lang='lat' dir='ltr'>voluntate</span> <span class='ocrx_word' id='word_1_107' title='bbox 880 1776 952 1859; x_wconf 91' lang='lat' dir='ltr'>ipsa</span> <span class='ocrx_word' id='word_1_108' title='bbox 973 1782 1109 1861; x_wconf 84' lang='lat' dir='ltr'>gratum</span> <span class='ocrx_word' id='word_1_109' title='bbox 1135 1774 1249 1839; x_wconf 86' lang='lat' dir='ltr'>fuisse.</span> 
     </span>
     <span class='ocr_line' id='line_1_16' title="bbox 201 1877 1249 1965; baseline -0.002 -21"><span class='ocrx_word' id='word_1_110' title='bbox 201 1881 272 1945; x_wconf 87' lang='lat' dir='ltr'>Iam</span> <span class='ocrx_word' id='word_1_111' title='bbox 289 1881 331 1946; x_wconf 90' lang='lat' dir='ltr'>de</span> <span class='ocrx_word' id='word_1_112' title='bbox 348 1881 385 1945; x_wconf 85' lang='lat' dir='ltr'>C.</span> <span class='ocrx_word' id='word_1_113' title='bbox 404 1881 533 1946; x_wconf 85' lang='lat' dir='ltr'>Fannio</span> <span class='ocrx_word' id='word_1_114' title='bbox 551 1902 636 1965; x_wconf 92' lang='lat' dir='ltr'>quae</span> <span class='ocrx_word' id='word_1_115' title='bbox 660 1881 706 1944; x_wconf 89' lang='lat' dir='ltr'>sit</span> <span class='ocrx_word' id='word_1_116' title='bbox 725 1879 941 1954; x_wconf 82' lang='lat' dir='ltr'>existimatio,</span> <span class='ocrx_word' id='word_1_117' title='bbox 960 1877 1134 1954; x_wconf 83' lang='lat' dir='ltr'>videmus3</span> <span class='ocrx_word' id='word_1_118' title='bbox 1159 1877 1249 1964; x_wconf 90' lang='lat' dir='ltr'>quod</span> 
     </span>
     <span class='ocr_line' id='line_1_17' title="bbox 200 1981 1339 2071; baseline -0.003 -23"><span class='ocrx_word' id='word_1_119' title='bbox 200 1984 363 2051; x_wconf 89' lang='lat' dir='ltr'>iudicium</span> <span class='ocrx_word' id='word_1_120' title='bbox 391 1987 506 2071; x_wconf 90' lang='lat' dir='ltr'>populi</span> <span class='ocrx_word' id='word_1_121' title='bbox 539 1986 678 2049; x_wconf 87' lang='lat' dir='ltr'>Romani</span> <span class='ocrx_word' id='word_1_122' title='bbox 711 1985 745 2046; x_wconf 93' lang='lat' dir='ltr'>in</span> <span class='ocrx_word' id='word_1_123' title='bbox 777 1981 958 2046; x_wconf 87' lang='lat' dir='ltr'>honoribus</span> <span class='ocrx_word' id='word_1_124' title='bbox 989 1983 1062 2047; x_wconf 90' lang='lat' dir='ltr'>eins</span> <span class='ocrx_word' id='word_1_125' title='bbox 1092 1981 1247 2047; x_wconf 85' lang='lat' dir='ltr'>futurum</span> <span class='ocrx_word' id='word_1_126' title='bbox 1338 2024 1339 2031; x_wconf 41' lang='lat'>1</span> 
     </span>
     <span class='ocr_line' id='line_1_18' title="bbox 130 2085 1250 2172; baseline -0.005 -17"><span class='ocrx_word' id='word_1_127' title='bbox 130 2092 187 2155; x_wconf 89' lang='grc'>114</span> <span class='ocrx_word' id='word_1_128' title='bbox 202 2091 256 2166; x_wconf 85' lang='lat' dir='ltr'>sit,</span> <span class='ocrx_word' id='word_1_129' title='bbox 281 2092 405 2155; x_wconf 89' lang='lat' dir='ltr'>nemini</span> <span class='ocrx_word' id='word_1_130' title='bbox 434 2090 573 2155; x_wconf 91' lang='lat' dir='ltr'>dubium</span> <span class='ocrx_word' id='word_1_131' title='bbox 601 2111 673 2153; x_wconf 89' lang='lat' dir='ltr'>esse</span> <span class='ocrx_word' id='word_1_132' title='bbox 701 2087 810 2152; x_wconf 90' lang='lat' dir='ltr'>debet.</span> <span class='ocrx_word' id='word_1_133' title='bbox 859 2085 975 2165; x_wconf 78' lang='lat' dir='ltr'>Quid?</span> <span class='ocrx_word' id='word_1_134' title='bbox 997 2087 1177 2172; x_wconf 91' lang='lat' dir='ltr'>populares</span> <span class='ocrx_word' id='word_1_135' title='bbox 1200 2088 1250 2151; x_wconf 93' lang='lat' dir='ltr'>illi</span> 
     </span>
     <span class='ocr_line' id='line_1_19' title="bbox 149 2191 1248 2281; baseline -0.004 -24"><span class='ocrx_word' id='word_1_136' title='bbox 149 2208 177 2251; x_wconf 85' lang='lat'>15</span> <span class='ocrx_word' id='word_1_137' title='bbox 196 2193 266 2258; x_wconf 70' lang='lat' dir='ltr'>&#39;dno</span> <span class='ocrx_word' id='word_1_138' title='bbox 287 2194 369 2278; x_wconf 90' lang='lat' dir='ltr'>qnid</span> <span class='ocrx_word' id='word_1_139' title='bbox 395 2195 564 2281; x_wconf 85' lang='lat' dir='ltr'>egerunt?</span> <span class='ocrx_word' id='word_1_140' title='bbox 610 2193 718 2267; x_wconf 83' lang='lat' dir='ltr'>Alter,</span> <span class='ocrx_word' id='word_1_141' title='bbox 744 2192 802 2275; x_wconf 93' lang='lat' dir='ltr'>qui</span> <span class='ocrx_word' id='word_1_142' title='bbox 826 2198 941 2256; x_wconf 87' lang='lat' dir='ltr'>tamen</span> <span class='ocrx_word' id='word_1_143' title='bbox 966 2211 1001 2255; x_wconf 91' lang='lat' dir='ltr'>se</span> <span class='ocrx_word' id='word_1_144' title='bbox 1025 2191 1248 2265; x_wconf 88' lang='lat' dir='ltr'>continuerat,</span> 
     </span>
     <span class='ocr_line' id='line_1_20' title="bbox 200 2293 1248 2379; baseline -0.004 -18"><span class='ocrx_word' id='word_1_145' title='bbox 200 2298 326 2362; x_wconf 91' lang='lat' dir='ltr'>tulerat</span> <span class='ocrx_word' id='word_1_146' title='bbox 356 2298 450 2374; x_wconf 91' lang='lat' dir='ltr'>nihil,</span> <span class='ocrx_word' id='word_1_147' title='bbox 483 2305 633 2362; x_wconf 87' lang='lat' dir='ltr'>senserat</span> <span class='ocrx_word' id='word_1_148' title='bbox 662 2304 795 2359; x_wconf 90' lang='lat' dir='ltr'>tantum</span> <span class='ocrx_word' id='word_1_149' title='bbox 827 2294 868 2359; x_wconf 89' lang='lat' dir='ltr'>de</span> <span class='ocrx_word' id='word_1_150' title='bbox 900 2317 935 2359; x_wconf 90' lang='lat' dir='ltr'>re</span> <span class='ocrx_word' id='word_1_151' title='bbox 972 2294 1107 2379; x_wconf 89' lang='lat' dir='ltr'>publica</span> <span class='ocrx_word' id='word_1_152' title='bbox 1145 2293 1248 2370; x_wconf 87' lang='lat' dir='ltr'>aliud,</span> 
     </span>
     <span class='ocr_line' id='line_1_21' title="bbox 199 2398 1249 2487; baseline -0.004 -22"><span class='ocrx_word' id='word_1_153' title='bbox 199 2409 301 2487; x_wconf 89' lang='lat' dir='ltr'>atque</span> <span class='ocrx_word' id='word_1_154' title='bbox 318 2403 468 2466; x_wconf 88' lang='lat' dir='ltr'>homines</span> <span class='ocrx_word' id='word_1_155' title='bbox 496 2400 747 2486; x_wconf 87' lang='lat' dir='ltr'>exspectabant,</span> <span class='ocrx_word' id='word_1_156' title='bbox 765 2400 817 2463; x_wconf 89' lang='lat' dir='ltr'>vir</span> <span class='ocrx_word' id='word_1_157' title='bbox 842 2407 876 2463; x_wconf 92' lang='lat' dir='ltr'>et</span> <span class='ocrx_word' id='word_1_158' title='bbox 899 2398 1007 2463; x_wconf 90' lang='lat' dir='ltr'>bonus</span> <span class='ocrx_word' id='word_1_159' title='bbox 1031 2406 1066 2463; x_wconf 89' lang='lat' dir='ltr'>et</span> <span class='ocrx_word' id='word_1_160' title='bbox 1088 2399 1249 2463; x_wconf 89' lang='lat' dir='ltr'>innocens</span> 
     </span>
    </p>
   </div>
   <div class='ocr_carea' id='block_1_3' title="bbox 193 2556 1249 3852">
    <p class='ocr_par' dir='ltr' id='par_1_3' title="bbox 193 2556 1249 3549">
     <span class='ocr_line' id='line_1_22' title="bbox 228 2556 1249 2634; baseline -0.001 -11"><span class='ocrx_word' id='word_1_161' title='bbox 228 2571 303 2628; x_wconf 78' lang='grc'><strong>1113,</strong></span> <span class='ocrx_word' id='word_1_162' title='bbox 323 2556 384 2622; x_wconf 66' lang='grc'><strong>1-5.</strong></span> <span class='ocrx_word' id='word_1_163' title='bbox 409 2574 538 2623; x_wconf 87' lang='lat' dir='ltr'>comitia</span> <span class='ocrx_word' id='word_1_164' title='bbox 549 2573 706 2633; x_wconf 81' lang='lat' dir='ltr'>magistra·</span> <span class='ocrx_word' id='word_1_165' title='bbox 731 2570 795 2634; x_wconf 81' lang='lat' dir='ltr'>ling.</span> <span class='ocrx_word' id='word_1_166' title='bbox 848 2571 911 2621; x_wconf 87' lang='lat' dir='ltr'>duo</span> <span class='ocrx_word' id='word_1_167' title='bbox 939 2575 1108 2633; x_wconf 78' lang='lat' dir='ltr'>praetores,</span> <span class='ocrx_word' id='word_1_168' title='bbox 1132 2571 1177 2620; x_wconf 85' lang='lat' dir='ltr'>for</span> <span class='ocrx_word' id='word_1_169' title='bbox 1202 2572 1249 2622; x_wconf 89' lang='lat' dir='ltr'>the</span> 
     </span>
     <span class='ocr_line' id='line_1_23' title="bbox 196 2647 1246 2712; baseline -0.002 -15"><span class='ocrx_word' id='word_1_170' title='bbox 196 2652 297 2698; x_wconf 87' lang='lat' dir='ltr'>tuum:</span> <span class='ocrx_word' id='word_1_171' title='bbox 315 2651 349 2699; x_wconf 87' lang='lat' dir='ltr'>cf.</span> <span class='ocrx_word' id='word_1_172' title='bbox 375 2649 387 2706; x_wconf 84' lang='lat'>§</span> <span class='ocrx_word' id='word_1_173' title='bbox 408 2652 461 2700; x_wconf 88' lang='lat'>109.</span> <span class='ocrx_word' id='word_1_174' title='bbox 487 2654 511 2712; x_wconf 79' lang='lat'>13</span> <span class='ocrx_word' id='word_1_175' title='bbox 535 2651 636 2711; x_wconf 85' lang='lat' dir='ltr'>having</span> <span class='ocrx_word' id='word_1_176' title='bbox 654 2649 706 2697; x_wconf 85' lang='lat' dir='ltr'>‹lis-</span> <span class='ocrx_word' id='word_1_177' title='bbox 730 2662 794 2709; x_wconf 90' lang='lat' dir='ltr'>year</span> <span class='ocrx_word' id='word_1_178' title='bbox 809 2648 848 2697; x_wconf 84' lang='lat'>56.</span> <span class='ocrx_word' id='word_1_179' title='bbox 891 2660 965 2709; x_wconf 88' lang='lat' dir='ltr'>prae</span> <span class='ocrx_word' id='word_1_180' title='bbox 985 2660 1019 2696; x_wconf 79' lang='lat' dir='ltr'>se</span> <span class='ocrx_word' id='word_1_181' title='bbox 1037 2683 1043 2695; x_wconf 92' lang='lat'><strong>.</strong></span> <span class='ocrx_word' id='word_1_182' title='bbox 1061 2683 1067 2695; x_wconf 92' lang='lat'><strong>.</strong></span> <span class='ocrx_word' id='word_1_183' title='bbox 1085 2683 1090 2695; x_wconf 95' lang='lat'>.</span> <span class='ocrx_word' id='word_1_184' title='bbox 1108 2647 1246 2697; x_wconf 79' lang='lat' dir='ltr'>ferebat:</span> 
     </span>
     <span class='ocr_line' id='line_1_24' title="bbox 196 2723 1248 2786; baseline 0 -13"><span class='ocrx_word' id='word_1_185' title='bbox 196 2727 289 2775; x_wconf 86' lang='lat' dir='ltr'>cnssed</span> <span class='ocrx_word' id='word_1_186' title='bbox 305 2726 474 2775; x_wconf 80' lang='lat' dir='ltr'>thecomitiu</span> <span class='ocrx_word' id='word_1_187' title='bbox 494 2727 579 2786; x_wconf 66' lang='lat' dir='ltr'>lecum</span> <span class='ocrx_word' id='word_1_188' title='bbox 592 2726 627 2772; x_wconf 94' lang='lat' dir='ltr'>he</span> <span class='ocrx_word' id='word_1_189' title='bbox 646 2738 706 2773; x_wconf 85' lang='lat' dir='ltr'>now</span> <span class='ocrx_word' id='word_1_190' title='bbox 730 2724 773 2772; x_wconf 88' lang='lat' dir='ltr'>for</span> <span class='ocrx_word' id='word_1_191' title='bbox 795 2725 922 2786; x_wconf 83' lang='lat' dir='ltr'>meaning</span> <span class='ocrx_word' id='word_1_192' title='bbox 944 2723 979 2773; x_wconf 83' lang='lat' dir='ltr'>ci.</span> <span class='ocrx_word' id='word_1_193' title='bbox 1005 2725 1019 2786; x_wconf 64' lang='grc' dir='ltr'><strong>ξ</strong></span> <span class='ocrx_word' id='word_1_194' title='bbox 1047 2725 1086 2773; x_wconf 87' lang='lat'>61.</span> <span class='ocrx_word' id='word_1_195' title='bbox 1117 2725 1157 2773; x_wconf 81' lang='lat'>28.</span> <span class='ocrx_word' id='word_1_196' title='bbox 1205 2725 1248 2773; x_wconf 78' lang='lat' dir='ltr'>sit</span> 
     </span>
     <span class='ocr_line' id='line_1_25' title="bbox 196 2799 1247 2863; baseline 0.002 -15"><span class='ocrx_word' id='word_1_197' title='bbox 196 2805 273 2849; x_wconf 87' lang='lat' dir='ltr'>turns</span> <span class='ocrx_word' id='word_1_198' title='bbox 285 2807 313 2849; x_wconf 89' lang='lat' dir='ltr'>to</span> <span class='ocrx_word' id='word_1_199' title='bbox 325 2802 371 2849; x_wconf 89' lang='lat' dir='ltr'>tho</span> <span class='ocrx_word' id='word_1_200' title='bbox 385 2803 495 2850; x_wconf 80' lang='lat' dir='ltr'>comitio</span> <span class='ocrx_word' id='word_1_201' title='bbox 513 2815 583 2860; x_wconf 72' lang='lat' dir='ltr'>moy.</span> <span class='ocrx_word' id='word_1_202' title='bbox 604 2799 706 2848; x_wconf 87' lang='lat' dir='ltr'>conle-</span> <span class='ocrx_word' id='word_1_203' title='bbox 731 2800 940 2848; x_wconf 83' lang='lat' dir='ltr'>existimatio:</span> <span class='ocrx_word' id='word_1_204' title='bbox 974 2800 1009 2849; x_wconf 91' lang='lat' dir='ltr'>he</span> <span class='ocrx_word' id='word_1_205' title='bbox 1032 2814 1086 2849; x_wconf 85' lang='lat' dir='ltr'>was</span> <span class='ocrx_word' id='word_1_206' title='bbox 1111 2801 1247 2863; x_wconf 79' lang='lat' dir='ltr'>pontifex,</span> 
     </span>
     <span class='ocr_line' id='line_1_26' title="bbox 195 2875 1249 2938; baseline 0.001 -14"><span class='ocrx_word' id='word_1_207' title='bbox 195 2876 292 2936; x_wconf 78' lang='lat' dir='ltr'>giam:</span> <span class='ocrx_word' id='word_1_208' title='bbox 310 2892 353 2926; x_wconf 87' lang='lat' dir='ltr'>see</span> <span class='ocrx_word' id='word_1_209' title='bbox 365 2891 391 2938; x_wconf 86' lang='lat' dir='ltr'>p.</span> <span class='ocrx_word' id='word_1_210' title='bbox 406 2877 445 2936; x_wconf 85' lang='grc'>63,</span> <span class='ocrx_word' id='word_1_211' title='bbox 459 2878 473 2938; x_wconf 79' lang='lat'>§</span> <span class='ocrx_word' id='word_1_212' title='bbox 485 2878 526 2937; x_wconf 80' lang='lat'>49,</span> <span class='ocrx_word' id='word_1_213' title='bbox 540 2891 565 2938; x_wconf 89' lang='lat' dir='ltr'>p.</span> <span class='ocrx_word' id='word_1_214' title='bbox 580 2877 620 2935; x_wconf 88' lang='grc'>66,</span> <span class='ocrx_word' id='word_1_215' title='bbox 640 2875 703 2933; x_wconf 77' lang='lat'>§61.</span> <span class='ocrx_word' id='word_1_216' title='bbox 730 2877 831 2925; x_wconf 86' lang='lat' dir='ltr'>elected</span> <span class='ocrx_word' id='word_1_217' title='bbox 855 2877 882 2925; x_wconf 92' lang='lat' dir='ltr'>in</span> <span class='ocrx_word' id='word_1_218' title='bbox 902 2875 941 2927; x_wconf 79' lang='lat'>57.</span> <span class='ocrx_word' id='word_1_219' title='bbox 978 2875 1118 2924; x_wconf 83' lang='lat' dir='ltr'>futurum</span> <span class='ocrx_word' id='word_1_220' title='bbox 1139 2876 1195 2925; x_wconf 84' lang='lat' dir='ltr'>sit:</span> <span class='ocrx_word' id='word_1_221' title='bbox 1213 2877 1249 2925; x_wconf 90' lang='lat' dir='ltr'>he</span> 
     </span>
     <span class='ocr_line' id='line_1_27' title="bbox 195 2952 1033 3014; baseline 0.001 -15"><span class='ocrx_word' id='word_1_222' title='bbox 195 2964 293 3014; x_wconf 87' lang='lat' dir='ltr'>nuper</span> <span class='ocrx_word' id='word_1_223' title='bbox 308 2954 335 3002; x_wconf 94' lang='lat' dir='ltr'>in</span> <span class='ocrx_word' id='word_1_224' title='bbox 354 2954 397 3002; x_wconf 82' lang='lat'>59:</span> <span class='ocrx_word' id='word_1_225' title='bbox 415 2954 477 3002; x_wconf 89' lang='lat' dir='ltr'>who</span> <span class='ocrx_word' id='word_1_226' title='bbox 494 2967 562 3001; x_wconf 88' lang='lat' dir='ltr'>were</span> <span class='ocrx_word' id='word_1_227' title='bbox 580 2954 626 3001; x_wconf 89' lang='lat' dir='ltr'>the</span> <span class='ocrx_word' id='word_1_228' title='bbox 644 2966 705 3001; x_wconf 91' lang='lat' dir='ltr'>con·</span> <span class='ocrx_word' id='word_1_229' title='bbox 729 2953 817 3014; x_wconf 89' lang='lat' dir='ltr'>hoped</span> <span class='ocrx_word' id='word_1_230' title='bbox 831 2957 859 3000; x_wconf 92' lang='lat' dir='ltr'>to</span> <span class='ocrx_word' id='word_1_231' title='bbox 873 2952 905 3001; x_wconf 90' lang='lat' dir='ltr'>be</span> <span class='ocrx_word' id='word_1_232' title='bbox 917 2959 1033 3014; x_wconf 89' lang='lat' dir='ltr'>praetor.</span> 
     </span>
     <span class='ocr_line' id='line_1_28' title="bbox 196 3027 1247 3092; baseline 0.003 -16"><span class='ocrx_word' id='word_1_233' title='bbox 196 3029 273 3078; x_wconf 78' lang='lat' dir='ltr'>suis?</span> <span class='ocrx_word' id='word_1_234' title='bbox 290 3027 705 3085; x_wconf 79' lang='lat' dir='ltr'>tresminime,Cn.Domitins</span> <span class='ocrx_word' id='word_1_235' title='bbox 762 3029 775 3088; x_wconf 67' lang='grc' dir='ltr'><strong>ξ</strong></span> <span class='ocrx_word' id='word_1_236' title='bbox 799 3029 853 3077; x_wconf 80' lang='grc'><strong>114.</strong></span> <span class='ocrx_word' id='word_1_237' title='bbox 883 3028 985 3077; x_wconf 83' lang='lat'>14-17.</span> <span class='ocrx_word' id='word_1_238' title='bbox 1014 3027 1109 3087; x_wconf 86' lang='lat' dir='ltr'>Quid:</span> <span class='ocrx_word' id='word_1_239' title='bbox 1137 3029 1247 3092; x_wconf 86' lang='lat' dir='ltr'>explain</span> 
     </span>
     <span class='ocr_line' id='line_1_29' title="bbox 196 3102 1245 3166; baseline 0.004 -14"><span class='ocrx_word' id='word_1_240' title='bbox 196 3102 334 3165; x_wconf 85' lang='lat' dir='ltr'>Calvinus,</span> <span class='ocrx_word' id='word_1_241' title='bbox 355 3104 387 3165; x_wconf 80' lang='lat' dir='ltr'>Q.</span> <span class='ocrx_word' id='word_1_242' title='bbox 406 3106 569 3166; x_wconf 84' lang='lat' dir='ltr'>Ancharius,</span> <span class='ocrx_word' id='word_1_243' title='bbox 586 3106 615 3154; x_wconf 84' lang='lat' dir='ltr'>O.</span> <span class='ocrx_word' id='word_1_244' title='bbox 637 3105 705 3152; x_wconf 85' lang='lat' dir='ltr'>Fan·</span> <span class='ocrx_word' id='word_1_245' title='bbox 730 3105 764 3153; x_wconf 84' lang='lat' dir='ltr'>its</span> <span class='ocrx_word' id='word_1_246' title='bbox 787 3119 842 3154; x_wconf 91' lang='lat' dir='ltr'>nse.</span> <span class='ocrx_word' id='word_1_247' title='bbox 888 3105 935 3152; x_wconf 91' lang='lat' dir='ltr'>illi</span> <span class='ocrx_word' id='word_1_248' title='bbox 960 3104 1037 3154; x_wconf 87' lang='lat' dir='ltr'>duo:</span> <span class='ocrx_word' id='word_1_249' title='bbox 1063 3118 1107 3155; x_wconf 89' lang='lat' dir='ltr'>see</span> <span class='ocrx_word' id='word_1_250' title='bbox 1125 3118 1160 3154; x_wconf 91' lang='lat' dir='ltr'>on</span> <span class='ocrx_word' id='word_1_251' title='bbox 1184 3105 1201 3156; x_wconf 93' lang='lat' dir='ltr'>l.</span> <span class='ocrx_word' id='word_1_252' title='bbox 1221 3107 1245 3156; x_wconf 83' lang='lat'>3.</span> 
     </span>
     <span class='ocr_line' id='line_1_30' title="bbox 195 3181 1249 3246; baseline 0.005 -19"><span class='ocrx_word' id='word_1_253' title='bbox 195 3181 270 3230; x_wconf 58' lang='lat' dir='ltr'>niusa</span> <span class='ocrx_word' id='word_1_254' title='bbox 299 3181 500 3231; x_wconf 87' lang='lat' dir='ltr'>vehementer</span> <span class='ocrx_word' id='word_1_255' title='bbox 519 3181 631 3237; x_wconf 87' lang='lat' dir='ltr'>duo‚P.</span> <span class='ocrx_word' id='word_1_256' title='bbox 652 3181 706 3230; x_wconf 85' lang='lat' dir='ltr'>Va·</span> <span class='ocrx_word' id='word_1_257' title='bbox 730 3181 806 3241; x_wconf 86' lang='lat' dir='ltr'>quid</span> <span class='ocrx_word' id='word_1_258' title='bbox 829 3183 964 3242; x_wconf 77' lang='lat' dir='ltr'>egerunt,</span> <span class='ocrx_word' id='word_1_259' title='bbox 990 3181 1067 3230; x_wconf 88' lang='lat' dir='ltr'>‘how</span> <span class='ocrx_word' id='word_1_260' title='bbox 1089 3182 1160 3231; x_wconf 87' lang='lat' dir='ltr'>have</span> <span class='ocrx_word' id='word_1_261' title='bbox 1184 3183 1249 3246; x_wconf 86' lang='lat' dir='ltr'>they</span> 
     </span>
     <span class='ocr_line' id='line_1_31' title="bbox 195 3257 1247 3319; baseline 0.004 -15"><span class='ocrx_word' id='word_1_262' title='bbox 195 3257 288 3317; x_wconf 87' lang='lat' dir='ltr'>tinius,</span> <span class='ocrx_word' id='word_1_263' title='bbox 318 3257 348 3306; x_wconf 83' lang='grc' dir='ltr'>Ο.</span> <span class='ocrx_word' id='word_1_264' title='bbox 384 3257 481 3307; x_wconf 85' lang='lat' dir='ltr'>Allius.</span> <span class='ocrx_word' id='word_1_265' title='bbox 532 3258 629 3306; x_wconf 87' lang='lat' dir='ltr'>Notiee</span> <span class='ocrx_word' id='word_1_266' title='bbox 660 3258 706 3305; x_wconf 87' lang='lat' dir='ltr'>the</span> <span class='ocrx_word' id='word_1_267' title='bbox 730 3257 842 3306; x_wconf 83' lang='lat' dir='ltr'>iared?&#39;</span> <span class='ocrx_word' id='word_1_268' title='bbox 860 3257 959 3314; x_wconf 87' lang='lat' dir='ltr'>Alter,</span> <span class='ocrx_word' id='word_1_269' title='bbox 969 3257 998 3307; x_wconf 85' lang='lat' dir='ltr'>C.</span> <span class='ocrx_word' id='word_1_270' title='bbox 1009 3258 1105 3319; x_wconf 82' lang='lat' dir='ltr'>Allius,</span> <span class='ocrx_word' id='word_1_271' title='bbox 1115 3258 1145 3307; x_wconf 86' lang='lat' dir='ltr'>of</span> <span class='ocrx_word' id='word_1_272' title='bbox 1158 3259 1247 3309; x_wconf 87' lang='lat' dir='ltr'>whom</span> 
     </span>
     <span class='ocr_line' id='line_1_32' title="bbox 194 3330 1248 3397; baseline 0.005 -17"><span class='ocrx_word' id='word_1_273' title='bbox 194 3333 340 3394; x_wconf 84' lang='lat' dir='ltr'>ch-iasmus,</span> <span class='ocrx_word' id='word_1_274' title='bbox 358 3335 418 3382; x_wconf 51' lang='lat' dir='ltr'>tend¹</span> <span class='ocrx_word' id='word_1_275' title='bbox 431 3335 493 3382; x_wconf 89' lang='lat' dir='ltr'>that</span> <span class='ocrx_word' id='word_1_276' title='bbox 514 3334 564 3382; x_wconf 85' lang='lat' dir='ltr'>five</span> <span class='ocrx_word' id='word_1_277' title='bbox 584 3334 706 3382; x_wconf 86' lang='lat' dir='ltr'>tribunes</span> <span class='ocrx_word' id='word_1_278' title='bbox 731 3333 824 3383; x_wconf 82' lang='lat' dir='ltr'>Cicero</span> <span class='ocrx_word' id='word_1_279' title='bbox 836 3334 933 3396; x_wconf 85' lang='lat' dir='ltr'>speaks</span> <span class='ocrx_word' id='word_1_280' title='bbox 945 3333 1003 3383; x_wconf 84' lang='lat' dir='ltr'>well</span> <span class='ocrx_word' id='word_1_281' title='bbox 1023 3334 1051 3382; x_wconf 94' lang='lat' dir='ltr'>in</span> <span class='ocrx_word' id='word_1_282' title='bbox 1066 3330 1146 3384; x_wconf 85' lang='lat' dir='ltr'>other</span> <span class='ocrx_word' id='word_1_283' title='bbox 1157 3335 1248 3397; x_wconf 86' lang='lat' dir='ltr'>places</span> 
     </span>
     <span class='ocr_line' id='line_1_33' title="bbox 194 3408 1247 3474; baseline 0.005 -18"><span class='ocrx_word' id='word_1_284' title='bbox 194 3409 301 3458; x_wconf 84' lang='lat' dir='ltr'>areleit</span> <span class='ocrx_word' id='word_1_285' title='bbox 321 3410 410 3459; x_wconf 83' lang='lat' dir='ltr'>outoi</span> <span class='ocrx_word' id='word_1_286' title='bbox 427 3415 542 3458; x_wconf 84' lang='lat' dir='ltr'>account</span> <span class='ocrx_word' id='word_1_287' title='bbox 558 3424 588 3458; x_wconf 91' lang='lat' dir='ltr'>as</span> <span class='ocrx_word' id='word_1_288' title='bbox 605 3410 707 3471; x_wconf 84' lang='lat' dir='ltr'>haring</span> <span class='ocrx_word' id='word_1_289' title='bbox 730 3408 794 3459; x_wconf 90' lang='lat' dir='ltr'>also.</span> <span class='ocrx_word' id='word_1_290' title='bbox 840 3410 956 3459; x_wconf 87' lang='lat' dir='ltr'>tulerat</span> <span class='ocrx_word' id='word_1_291' title='bbox 983 3409 1066 3468; x_wconf 88' lang='lat' dir='ltr'>nihil,</span> <span class='ocrx_word' id='word_1_292' title='bbox 1092 3410 1164 3460; x_wconf 90' lang='lat' dir='ltr'>‘had</span> <span class='ocrx_word' id='word_1_293' title='bbox 1189 3426 1247 3474; x_wconf 84' lang='lat' dir='ltr'>pro</span> 
     </span>
     <span class='ocr_line' id='line_1_34' title="bbox 193 3485 1247 3549; baseline 0.004 -17"><span class='ocrx_word' id='word_1_294' title='bbox 193 3485 277 3534; x_wconf 86' lang='lat' dir='ltr'>taken</span> <span class='ocrx_word' id='word_1_295' title='bbox 290 3500 327 3535; x_wconf 92' lang='lat' dir='ltr'>no</span> <span class='ocrx_word' id='word_1_296' title='bbox 338 3500 401 3548; x_wconf 88' lang='lat' dir='ltr'>very</span> <span class='ocrx_word' id='word_1_297' title='bbox 413 3487 523 3535; x_wconf 86' lang='lat' dir='ltr'>decided</span> <span class='ocrx_word' id='word_1_298' title='bbox 536 3487 624 3535; x_wconf 83' lang='lat' dir='ltr'>stand.</span> <span class='ocrx_word' id='word_1_299' title='bbox 730 3487 810 3548; x_wconf 87' lang='lat' dir='ltr'>posed</span> <span class='ocrx_word' id='word_1_300' title='bbox 821 3486 955 3549; x_wconf 86' lang='lat' dir='ltr'>nothing.&#39;</span> <span class='ocrx_word' id='word_1_301' title='bbox 991 3490 1114 3535; x_wconf 87' lang='lat' dir='ltr'>tantum</span> <span class='ocrx_word' id='word_1_302' title='bbox 1128 3521 1134 3534; x_wconf 87' lang='lat'>.</span> <span class='ocrx_word' id='word_1_303' title='bbox 1149 3521 1155 3534; x_wconf 93' lang='lat'><strong>.</strong></span> <span class='ocrx_word' id='word_1_304' title='bbox 1170 3523 1177 3534; x_wconf 92' lang='lat'><em>.</em></span> <span class='ocrx_word' id='word_1_305' title='bbox 1193 3500 1247 3536; x_wconf 82' lang='lat' dir='ltr'>ex-</span> 
     </span>
    </p>

    <p class='ocr_par' dir='ltr' id='par_1_4' title="bbox 194 3561 1245 3852">
     <span class='ocr_line' id='line_1_35' title="bbox 226 3561 1245 3625; baseline 0.005 -17"><span class='ocrx_word' id='word_1_306' title='bbox 226 3561 307 3609; x_wconf 74' lang='lat'><strong>4-13.</strong></span> <span class='ocrx_word' id='word_1_307' title='bbox 325 3575 473 3623; x_wconf 81' lang='lat' dir='ltr'>genere..</span> <span class='ocrx_word' id='word_1_308' title='bbox 488 3599 494 3611; x_wconf 89' lang='lat'>.</span> <span class='ocrx_word' id='word_1_309' title='bbox 509 3564 705 3613; x_wconf 78' lang='lat' dir='ltr'>contionum:</span> <span class='ocrx_word' id='word_1_310' title='bbox 730 3563 925 3624; x_wconf 79' lang='lat' dir='ltr'>spectabant,</span> <span class='ocrx_word' id='word_1_311' title='bbox 961 3564 1034 3612; x_wconf 81' lang='lat' dir='ltr'>‘had</span> <span class='ocrx_word' id='word_1_312' title='bbox 1062 3563 1162 3625; x_wconf 87' lang='lat' dir='ltr'>merely</span> <span class='ocrx_word' id='word_1_313' title='bbox 1191 3564 1245 3614; x_wconf 89' lang='lat' dir='ltr'>had</span> 
     </span>
     <span class='ocr_line' id='line_1_36' title="bbox 194 3637 1245 3702; baseline 0.005 -18"><span class='ocrx_word' id='word_1_314' title='bbox 194 3637 237 3685; x_wconf 82' lang='lat' dir='ltr'>for</span> <span class='ocrx_word' id='word_1_315' title='bbox 255 3638 308 3686; x_wconf 83' lang='lat' dir='ltr'>the</span> <span class='ocrx_word' id='word_1_316' title='bbox 333 3653 392 3701; x_wconf 83' lang='lat' dir='ltr'>gen.</span> <span class='ocrx_word' id='word_1_317' title='bbox 418 3640 451 3688; x_wconf 88' lang='lat' dir='ltr'>cl.</span> <span class='ocrx_word' id='word_1_318' title='bbox 472 3640 497 3700; x_wconf 58' lang='lat'>&lt;5</span> <span class='ocrx_word' id='word_1_319' title='bbox 520 3641 559 3689; x_wconf 89' lang='grc'>90.</span> <span class='ocrx_word' id='word_1_320' title='bbox 588 3640 609 3688; x_wconf 92' lang='lat' dir='ltr'>l.</span> <span class='ocrx_word' id='word_1_321' title='bbox 635 3651 706 3688; x_wconf 84' lang='lat' dir='ltr'>con·</span> <span class='ocrx_word' id='word_1_322' title='bbox 731 3641 808 3689; x_wconf 89' lang='lat' dir='ltr'>other</span> <span class='ocrx_word' id='word_1_323' title='bbox 819 3641 901 3689; x_wconf 85' lang='lat' dir='ltr'>views</span> <span class='ocrx_word' id='word_1_324' title='bbox 918 3654 954 3689; x_wconf 92' lang='lat' dir='ltr'>on</span> <span class='ocrx_word' id='word_1_325' title='bbox 971 3639 1078 3702; x_wconf 80' lang='lat' dir='ltr'>politice</span> <span class='ocrx_word' id='word_1_326' title='bbox 1094 3639 1163 3689; x_wconf 87' lang='lat' dir='ltr'>than</span> <span class='ocrx_word' id='word_1_327' title='bbox 1180 3653 1245 3690; x_wconf 88' lang='lat' dir='ltr'>men</span> 
     </span>
     <span class='ocr_line' id='line_1_37' title="bbox 194 3712 1245 3777; baseline 0.004 -17"><span class='ocrx_word' id='word_1_328' title='bbox 194 3712 339 3773; x_wconf 61' lang='lat' dir='ltr'>sistendi,</span> <span class='ocrx_word' id='word_1_329' title='bbox 353 3714 397 3763; x_wconf 86' lang='lat' dir='ltr'>‘oi</span> <span class='ocrx_word' id='word_1_330' title='bbox 414 3716 531 3777; x_wconf 88' lang='lat' dir='ltr'>keeping</span> <span class='ocrx_word' id='word_1_331' title='bbox 551 3715 622 3764; x_wconf 88' lang='lat' dir='ltr'>their</span> <span class='ocrx_word' id='word_1_332' title='bbox 638 3716 706 3764; x_wconf 81' lang='lat' dir='ltr'>foot-</span> <span class='ocrx_word' id='word_1_333' title='bbox 730 3715 878 3777; x_wconf 64' lang='lat' dir='ltr'>expected!</span> <span class='ocrx_word' id='word_1_334' title='bbox 914 3714 1007 3772; x_wconf 86' lang='lat' dir='ltr'>aliud,</span> <span class='ocrx_word' id='word_1_335' title='bbox 1020 3717 1129 3776; x_wconf 84' lang='lat' dir='ltr'>atque:</span> <span class='ocrx_word' id='word_1_336' title='bbox 1147 3728 1191 3764; x_wconf 86' lang='lat' dir='ltr'>see</span> <span class='ocrx_word' id='word_1_337' title='bbox 1208 3729 1245 3765; x_wconf 91' lang='lat' dir='ltr'>on</span> 
     </span>
     <span class='ocr_line' id='line_1_38' title="bbox 194 3788 911 3852; baseline 0.006 -16"><span class='ocrx_word' id='word_1_338' title='bbox 194 3788 267 3851; x_wconf 81' lang='lat' dir='ltr'>ing3’</span> <span class='ocrx_word' id='word_1_339' title='bbox 287 3791 334 3839; x_wconf 88' lang='lat' dir='ltr'>the</span> <span class='ocrx_word' id='word_1_340' title='bbox 346 3791 522 3852; x_wconf 86' lang='lat' dir='ltr'>metaphoris</span> <span class='ocrx_word' id='word_1_341' title='bbox 534 3790 605 3840; x_wconf 83' lang='lat' dir='ltr'>from</span> <span class='ocrx_word' id='word_1_342' title='bbox 616 3795 707 3841; x_wconf 86' lang='lat' dir='ltr'>wrest·</span> <span class='ocrx_word' id='word_1_343' title='bbox 731 3791 801 3840; x_wconf 91' lang='lat' dir='ltr'>Mur.</span> <span class='ocrx_word' id='word_1_344' title='bbox 814 3789 860 3838; x_wconf 78' lang='lat'>3⁵.</span> <span class='ocrx_word' id='word_1_345' title='bbox 874 3792 911 3840; x_wconf 91' lang='lat'>11.</span> 
     </span>
    </p>
   </div>
   <div class='ocr_carea' id='block_1_4' title="bbox 0 0 1342 4260">
    <p class='ocr_par' dir='ltr' id='par_1_5' title="bbox 0 0 1342 4260">
     <span class='ocr_line' id='line_1_39' title="bbox 0 0 1342 4260; baseline 0 1"><span class='ocrx_word' id='word_1_346' title='bbox 0 0 1342 4260; x_wconf 95' lang='lat' dir='ltr'> </span> 
     </span>
    </p>
   </div>
   <div class='ocr_carea' id='block_1_5' title="bbox 1337 1405 1340 1993">
    <p class='ocr_par' dir='ltr' id='par_1_6' title="bbox 1337 1405 1340 1993">
     <span class='ocr_line' id='line_1_40' title="bbox 1337 1405 1340 1993; baseline 0 0"><span class='ocrx_word' id='word_1_347' title='bbox 1337 1405 1340 1993; x_wconf 95' lang='lat' dir='ltr'> </span> 
     </span>
    </p>
   </div>
  </div>
 </body>
</html>
