2678 4260
119 237 182 304 116
439 249 510 299 rso
533 249 563 300 n.
588 249 748 300 1111111111
771 248 920 300 orario.

116 438 145 483 at
168 421 346 486 Murenam
382 421 532 508 legatum
575 419 749 485 fortissimi
780 421 893 496 animi,
918 420 1040 484 summi
1073 420 1215 495 consilii,

168 528 305 591 maximi
322 525 442 591 laboris
458 526 631 612 cognitum
654 547 726 589 esse
751 524 975 599 defendimus
993 531 1028 589 et
1042 522 1129 587 hano
1144 524 1216 588 eius

167 653 299 716 operam
317 653 383 694 non
401 632 511 695 minus
536 629 579 693 ad
602 630 813 694 consulatum
838 627 1092 714 adipiscendum
1115 649 1216 713 quam

168 736 251 800 hano
269 742 415 799 nostram
433 733 600 799 forensem
617 734 815 799 industriam
832 733 1007 820 dignitatis
1026 731 1193 797 habuisse.

115 845 154 907 35
209 859 300 904 xvir.
325 841 375 904 At
390 841 479 905 enim
495 841 530 902 in
556 848 729 924 praeturae
754 840 916 923 petitione
939 839 1030 923 prior
1048 839 1214 902 renuntia

167 954 222 1010 tus
244 954 296 1010 est
321 944 468 1010 Servius.
515 944 703 1031 Pergitisne
727 925 786 1008 vos
812 950 983 1028 tamquam
1010 964 1052 1008 ex
1079 964 1216 1029 syngra-

166 1050 232 1136 pha
254 1071 350 1136 agere
373 1071 449 1113 cum
472 1050 606 1134 populo,
627 1055 675 1124 ut,
696 1069 796 1132 quem
820 1048 932 1112 locum
954 1047 1057 1112 semel
1079 1046 1214 1111 honoris

167 1155 311 1240 cuipiam
342 1153 482 1227 dederit,
514 1152 657 1216 eundern
689 1152 826 1236 reliquis
861 1150 1042 1216 honoribus
1068 1150 1213 1215 debeat?

128 1275 144 1320 5
167 1258 268 1338 Quod
283 1259 370 1322 enim
394 1257 529 1334 fretum,
554 1279 655 1342 quem
682 1257 846 1341 Euripum
872 1263 924 1321 tot
946 1263 1066 1332 motus,
1091 1262 1213 1331 tantae,

166 1372 232 1429 tani
262 1363 367 1426 varias
399 1361 518 1426 habere
549 1363 677 1446 putatis
701 1362 901 1447 agitationes
925 1361 1215 1425 commutationes-

165 1489 231 1552 que
248 1465 424 1541 fluctuum,
442 1474 584 1550 quantas
601 1465 868 1551 perturbationes
885 1474 920 1530 et
935 1471 1079 1549 quantos
1101 1472 1212 1529 aestus

166 1571 266 1636 habet
303 1572 387 1635 ratio
422 1571 656 1634 comitiorum?
702 1570 783 1634 Dies
814 1571 1025 1635 intermissus
1062 1576 1124 1633 aut
1146 1591 1212 1633 nox

165 1677 361 1762 interposita
376 1697 473 1760 saepe
491 1675 666 1761 perturbat
689 1675 810 1749 omnia,
835 1681 870 1738 et
892 1681 997 1738 totam
1020 1674 1211 1758 opinionem

114 1797 142 1841 ro
164 1802 266 1865 parva
290 1802 356 1844 non
383 1800 566 1862 numquam
596 1785 780 1843 commutat
802 1799 883 1841 aura
906 1777 1059 1841 rumoris.
1107 1775 1211 1862 Saepe

164 1886 264 1949 etiam
291 1885 362 1949 sine
395 1884 465 1948 ulla
495 1890 609 1968 aperta
639 1904 738 1947 causa
765 1881 804 1946 fit
830 1881 934 1958 aliud,
966 1888 1068 1966 atque
1100 1882 1212 1946 existi-

164 1990 272 2076 maris,
301 1996 340 2053 ut
369 2011 437 2053 non
469 2009 652 2073 numquam
686 1988 733 2051 ita
764 1985 891 2051 factum
923 2007 994 2051 esse
1026 1986 1125 2050 etiam
1158 2008 1212 2070 po

111 2095 263 2179 86pulus
290 2093 483 2169 admiretur,
509 2095 605 2178 quasi
631 2113 710 2157 vero
742 2113 809 2156 non
841 2092 910 2176 ipse
941 2090 1068 2155 fecerit.
1117 2089 1209 2154 Nihil

163 2207 214 2264 est
229 2200 389 2262 incertius
405 2198 519 2285 vulgo,
537 2197 621 2261 nihil
637 2197 810 2262 obscurius
827 2197 1002 2262 voluntate
1025 2195 1208 2271 hominum,

112 2319 140 2364 15
163 2302 246 2366 nihil
269 2301 422 2367 fallacius
447 2304 573 2367 ratione
600 2309 670 2366 tota
693 2303 914 2365 comitiorum.
961 2300 1046 2379 Quis
1070 2300 1109 2364 L.
1135 2300 1210 2364 Phi-

161 2407 291 2491 lippum
315 2428 446 2470 summo
470 2407 615 2493 ingeni0,
643 2426 752 2490 opera,
777 2406 893 2490 gratia,
918 2404 1094 2469 nobilitate
1118 2427 1138 2469 a
1160 2404 1207 2468 M.

192 2647 257 2710 §35.
276 2647 338 2695 1-3.
357 2648 403 2696 At
420 2647 501 2696 enim
520 2647 672 2696 introduces
692 2646 800 2709 coming
812 2645 841 2695 of
857 2660 874 2695 a
885 2645 982 2708 night!
1018 2644 1052 2696 A.
1066 2645 1114 2695 292
1126 2659 1156 2708 α;
1173 2644 1204 2695 G.

159 2724 284 2787 abruptly
298 2725 344 2773 the
356 2725 491 2786 objection
504 2724 533 2772 of
544 2738 579 2772 an
592 2737 673 2786 oppo
691 2723 738 2774 661
751 2723 782 2771 R
796 2724 824 2785 2;
841 2723 878 2772 H.
892 2723 940 2773 549
951 2722 985 2771 N.
1000 2723 1028 2784 23
1041 2720 1073 2772 B.
1085 2722 1135 2775 337
1147 2722 1170 2774 5.

159 2806 237 2862 nent;
255 2816 285 2850 so
296 2800 353 2849 also
365 2804 395 2850 ot
407 2800 486 2849 alone
495 2799 547 2848 and
561 2803 590 2849 ot
600 2789 674 2848 aera
722 2798 826 2856 10,11.
844 2812 941 2860 parva
960 2811 1040 2855 aura,
1058 2797 1110 2848 abl.
1135 2809 1206 2847 case:

158 2877 297 2939 Pergitie,
308 2878 335 2925 in
349 2878 484 2926 reference
496 2877 594 2937 rosis.
631 2889 672 2925 ex
692 2876 737 2924 the
761 2876 866 2937 subject
889 2876 918 2924 ο1
943 2877 1091 2925 commutat
1109 2875 1132 2924 is
1149 2875 1206 2924 dieo

158 2953 339 3015 syngrapha,
369 2954 413 3003 ‘as
441 2954 463 3002 11
494 2967 548 3014 you
575 2952 628 3001 hed
656 2968 672 3001 a
692 2955 740 3002 ortt
764 2966 824 3002 noa.
861 2950 947 3000 aliud
970 2954 1081 3012 atque:
1104 2951 1139 3000 A.
1159 2951 1205 3002 247

158 3031 265 3080 written
275 3030 414 3079 contract’
450 3029 670 3091 quemlocum:
692 3031 721 3090 ας
740 3029 771 3078 G.
786 3030 842 3091 646,
862 3029 892 3078 R.
907 3029 935 3091 23
952 3028 988 3078 H.
1003 3029 1051 3077 459
1064 3029 1092 3089 23
1109 3027 1140 3077 P.
1159 3028 1205 3076 662

158 3108 380 3168 seeon§18.20.
692 3106 765 3169 (311).
883 3138 885 3143 ·
1190 3106 1194 3112 ’

189 3183 251 3232 5-9.
269 3183 463 3245 Euripum,
491 3185 538 3232 the
555 3183 669 3232 channe]
722 3184 787 3245 636.
806 3182 904 3230 15-17.
922 3182 946 3230 11
966 3179 1123 3245 (Marcium)
1136 3180 1204 3228 Phi-

157 3259 278 3310 between
315 3260 427 3309 Boeotia
462 3261 515 3308 and
551 3261 667 3309 Euboea.
688 3259 815 3321 lippum,
828 3259 971 3310 candidate
983 3259 1027 3308 for
1039 3259 1085 3308 the
1100 3257 1204 3307 consul-

157 3339 290 3396 quantae
307 3371 312 3382 .
330 3371 336 3382 .
353 3370 359 3382 .
376 3334 486 3384 habet:
505 3337 532 3384 in
545 3336 670 3384 translat·
689 3337 751 3398 ship
762 3337 792 3386 of
803 3336 842 3397 93,
857 3335 958 3385 elected
972 3341 1026 3385 two
1038 3349 1115 3397 years
1127 3334 1200 3383 later.

158 3412 204 3474 ing
213 3412 611 3461 insertaverbandarelative:
624 3413 669 3461 ‘as
689 3412 723 3471 Q.
749 3410 915 3475 (Lutatium)
942 3410 1092 3468 Catulum,
1114 3410 1204 3460 candi·

157 3502 202 3537 are
229 3489 299 3537 the.
320 3525 326 3536 .
346 3525 352 3537 .
371 3489 469 3549 which,
493 3488 553 3537 cto)
588 3488 669 3537 ratio
688 3489 750 3538 date
773 3489 816 3538 for
839 3489 892 3537 105.
927 3488 971 3537 He
987 3502 1041 3536 was
1058 3485 1203 3536 successful

157 3564 361 3621 comitiorum,
394 3565 509 3627 ‘system
540 3566 569 3614 of
604 3565 669 3615 elec·
688 3566 731 3614 for
754 3567 808 3625 102,
833 3565 887 3614 and
910 3565 963 3614 had
986 3565 1088 3613 Marius
1107 3578 1137 3612 as
1161 3563 1203 3612 his

157 3639 244 3688 tions'
267 3641 312 3700 (cf.
335 3641 348 3701 ς
368 3642 391 3689 4.
413 3640 465 3701 26),
486 3641 578 3689 differs
601 3641 670 3690 little
689 3641 833 3704 colleague.
869 3643 927 3691 The
939 3642 1020 3690 latter
1029 3647 1076 3704 got
1088 3645 1159 3691 most
1175 3638 1203 3688 oi

157 3715 227 3765 from
255 3718 366 3766 comitio
393 3716 479 3766 alone.
526 3716 600 3765 Dies
617 3753 623 3764 .
641 3754 646 3764 .
664 3754 669 3766 .
689 3720 736 3767 the
754 3718 839 3767 credit
860 3719 903 3767 for
919 3720 966 3766 the
986 3717 1109 3767 former's
1128 3720 1203 3781 great

156 3791 348 3857 interposita,
362 3792 490 3846 ι1111110111
502 3794 531 3842 ο1
548 3807 564 3842 a
576 3794 627 3856 day
640 3809 670 3853 Qy
689 3796 793 3866 victory
805 3809 869 3851 over
881 3794 928 3843 the
940 3794 1042 3848 cimbri
1055 3795 1084 3846 in
1096 3794 1152 3844 101.
