2678 4260
168 226 231 295 296
505 240 584 324 rao
598 239 627 290 r.
651 237 773 292 sunna
796 198 945 290 oacrio.

218 412 336 477 liarem,
355 411 388 473 in
415 409 653 485 adulescentia,
671 409 834 495 collegam
860 409 894 470 in
920 417 1103 492 quaestura
1128 427 1266 473 comme-

218 514 368 579 morabat
398 514 521 588 luisse;
557 513 663 578 multa
694 534 766 576 mea
797 515 832 576 in
863 534 907 588 se,
940 534 1007 576 non
1038 512 1132 576 nulla
1163 513 1266 576 etiam

217 640 279 684 sua
306 620 341 682 in
368 641 419 682 me
452 617 642 704 proferebat
669 616 784 681 officia.
833 616 964 696 Quibus
992 639 1055 703 ego
1083 615 1191 692 rebus,
1219 617 1265 680 iu-

217 722 317 798 dices,
335 724 382 786 ita
409 720 565 786 flectebar
592 723 702 785 animo
729 728 831 806 atquc
859 720 1046 808 frangebar,
1064 729 1108 784 ut‘
1129 721 1195 784 iam
1223 742 1264 786 ex

167 843 195 888 10
217 827 384 902 memoria,
411 848 495 910 quas
525 826 606 888 mihi
631 827 701 909 ipse
728 823 853 889 fecerat
878 824 1027 901 insidiae,
1053 824 1264 910 deponerem,

217 932 337 994 utiam
360 931 535 994 inmissum
562 951 632 994 esse
660 928 702 993 ab
726 951 765 993 eo
791 928 828 993 C.
847 929 1051 1003 Cornelium,
1067 931 1128 1014 qui
1153 941 1205 994 me
1229 930 1263 996 in

217 1036 300 1098 meis
324 1033 471 1108 sedibus
489 1035 523 1096 in
552 1041 734 1116 conspectu
762 1034 877 1097 uxoris
905 1054 942 1098 ac
971 1033 1152 1098 liberorum
1179 1055 1264 1098 meo

217 1159 292 1202 rum
324 1137 518 1213 trucidaret,
551 1137 771 1202 obliviscerer.
835 1137 930 1216 Quae
960 1139 989 1202 si
1031 1137 1072 1202 de
1104 1159 1172 1201 uno
1211 1160 1263 1202 me

217 1243 408 1329 cogitasset,
434 1263 501 1326 qua
534 1241 676 1304 mollitia
704 1263 778 1304 sum
806 1242 908 1304 animi
932 1263 970 1306 ac
995 1243 1145 1318 lenitate,
1171 1263 1265 1306 num-

166 1362 194 1408 15
224 1368 326 1432 quam
342 1345 530 1410 mehercule
544 1345 634 1408 illius
652 1345 795 1409 lacrimis
813 1367 850 1409 ac
867 1346 1021 1430 precibus
1045 1346 1262 1422 restitissem3

165 1455 201 1517 19
216 1450 276 1515 sed
307 1472 384 1514 cum
416 1450 497 1513 mihi
517 1450 666 1533 patriae,
698 1470 775 1513 cum
808 1439 996 1513 lastrorum
1026 1450 1262 1534 periculorum,

215 1575 292 1620 cum
314 1554 414 1619 huius
438 1553 539 1630 urbis
557 1575 634 1618 cum
656 1553 790 1616 illorum
813 1553 1030 1618 delubrorum
1054 1562 1155 1639 atque
1183 1563 1263 1619 tem-

213 1659 356 1743 plorum,
389 1680 465 1722 cum
497 1680 676 1742 puerorum
710 1656 900 1734 infantium,
930 1680 1006 1723 cum
1036 1667 1262 1727 matronarum

214 1784 252 1828 ac
269 1764 440 1849 virginum
457 1762 613 1826 veniebat
630 1763 663 1824 in
681 1769 837 1837 mentem,
855 1769 890 1826 et
914 1784 991 1827 cum
1016 1763 1093 1827 illac
1121 1762 1262 1828 infestae

162 1881 193 1928 ao
221 1889 258 1932 ac
275 1867 428 1932 funestae
441 1866 530 1931 laces
547 1867 809 1950 universumque
828 1867 931 1930 totius
949 1864 1040 1929 urbis
1057 1865 1261 1943 incendium,

213 1994 289 2038 cum
300 1973 376 2048 tela,
386 1995 461 2037 eum
472 1972 601 2044 caedes,
610 1993 687 2036 cum
698 1971 823 2034 civium
835 1994 941 2050 cruor,
952 1981 1029 2038 cum
1039 1974 1122 2038 cinis
1135 1973 1259 2057 patriae

214 2077 337 2142 versari
362 2065 440 2141 ante
469 2076 582 2141 oculos
610 2082 712 2160 atque
738 2075 886 2139 animum
919 2079 1076 2143 memoria
1107 2077 1260 2142 refricare

244 2247 304 2296 6-9.
323 2252 556 2310 quaesturaesee
565 2263 590 2310 p.
603 2248 640 2308 18,
650 2244 676 2302 §i
685 2248 724 2309 16,
748 2246 777 2295 of
794 2247 839 2297 the
854 2249 971 2299 ablativa
986 2250 1016 2300 oi
1031 2250 1136 2313 quality
1147 2262 1188 2299 we
1206 2247 1261 2298 find

213 2325 251 2376 Π.
303 2324 578 2382 commemorabat,
610 2324 660 2372 ‘he
687 2337 729 2394 ref
747 2335 797 2382 pro
815 2325 933 2375 mollitiei
952 2327 1067 2376 without
1084 2340 1100 2375 a
1118 2325 1191 2388 verb,
1207 2324 1261 2374 and

211 2401 347 2462 counted,’
378 2407 427 2451 not
456 2400 463 2425 ‘
473 2400 670 2450 remembered’
695 2414 727 2449 or
748 2411 819 2458 quoe
832 2405 871 2450 est
884 2403 1009 2452 mollitio.

213 2477 365 2527 ‘reminded
378 2492 421 2526 me
433 2478 488 2527 of:’
508 2491 552 2526 see
564 2491 599 2526 on
612 2477 648 2525 II.
663 2475 688 2524 9.
700 2477 723 2526 5.
779 2475 792 2536 5
806 2477 843 2526 19.
863 2477 908 2526 16.
927 2491 1005 2536 cum,
1018 2484 1068 2528 etc.
1105 2479 1164 2528 The
1174 2477 1261 2529 whole

211 2554 244 2602 in
268 2566 317 2603 se:
340 2554 423 2603 case?
467 2552 653 2614 proferebat,
676 2551 725 2601 ‘he
746 2554 861 2613 protasis
880 2555 959 2603 down
979 2561 1007 2605 to
1026 2557 1152 2615 coeperat
1172 2553 1199 2616 (l.
1216 2554 1259 2616 23)

212 2629 371 2692 instanced,'
394 2630 441 2678 the
471 2629 576 2692 regular
601 2628 672 2678 word
696 2629 723 2677 in
747 2628 1257 2693 isconstructedmostsymmetrically.

212 2705 305 2756 Cicero
320 2707 363 2755 ior
375 2707 491 2769 quoting
508 2705 654 2767 examples.
690 2708 725 2752 ut
746 2700 805 2756 The
819 2707 875 2756 first
886 2709 929 2757 six
941 2708 1044 2757 clauses
1057 2707 1104 2756 fall
1116 2709 1173 2756 into
1183 2709 1259 2757 three

210 2782 352 2832 iamzthis
364 2782 461 2842 clause,
476 2783 528 2831 and
542 2782 602 2830 that
614 2782 642 2829 in
654 2780 671 2831 l.
684 2783 722 2842 11,
746 2787 817 2848 pairs
852 2786 956 2847 exactly
986 2786 1198 2848 corresponding
1230 2790 1259 2835 to

210 2873 256 2908 are
272 2859 377 2921 strictly
390 2858 508 2922 parallel,
523 2858 590 2907 both
608 2857 725 2919 depend·
745 2863 811 2911 each
824 2863 902 2911 other
914 2861 967 2910 and
979 2862 1127 2911 constitute
1140 2862 1187 2910 the
1202 2861 1259 2911 first

210 2935 257 2998 ing
268 2950 342 2998 upon
348 2936 483 2997 flectebar
495 2935 549 2984 and
555 2934 723 2996 sruayehar:
745 2939 804 2988 hali
822 2938 852 2988 oi
875 2939 921 2987 the
944 2939 1072 3001 protasis;
1095 2938 1140 2987 the
1158 2938 1258 2988 second

210 3013 298 3062 notice
310 3014 357 3062 the
369 3012 526 3074 asyndeton.
745 3016 810 3077 hali,
830 3018 855 3065 et
876 3030 937 3065 cura
957 3014 1022 3064 illae
1044 3013 1072 3076 (l.
1096 3016 1147 3076 19),
1161 3014 1257 3064 echoes

241 3088 342 3137 11-14.
360 3088 399 3137 ab
424 3101 461 3137 eo
485 3087 516 3136 C.
537 3087 721 3137 cornelium.
744 3093 790 3141 the
814 3092 879 3152 first,
904 3091 953 3140 but
977 3092 1043 3139 with
1071 3104 1145 3140 some
1174 3091 1257 3140 artful

210 3164 305 3215 Cicero
317 3165 433 3214 ascribes
445 3171 474 3214 to
487 3165 637 3214 Autronius
650 3165 723 3212 what
744 3168 898 3217 variations.
935 3167 1030 3216 Notice
1054 3172 1099 3216 too
1120 3155 1167 3214 the
1194 3180 1257 3216 ana·

209 3255 264 3291 was
285 3242 330 3290 the
351 3241 494 3302 voluntary
515 3242 669 3303 suggestion
693 3241 723 3289 of
743 3245 836 3306 phora.
884 3243 1009 3304 patriae,
1039 3232 1256 3303 periculorum,

210 3316 350 3367 Cornelius
362 3318 414 3366 and
429 3317 612 3378 Vargunteius
628 3316 665 3378 (p.
679 3317 719 3376 30,
742 3325 806 3368 ete:
833 3318 875 3367 ior
895 3331 964 3375 case,
988 3318 1021 3367 A.
1043 3317 1139 3378 219,1;
1157 3314 1190 3365 G.
1208 3315 1256 3367 375

209 3394 223 3454 §
243 3395 295 3454 49),
317 3393 371 3442 and
394 3393 423 3442 ot
446 3394 492 3442 the
516 3399 569 3442 two
588 3393 720 3441 would-be
744 3396 818 3443 Rem.
832 3396 859 3454 33
880 3395 913 3442 H.
928 3395 975 3443 406
989 3394 1037 3455 N.;
1056 3391 1088 3443 B.
1099 3393 1149 3443 206
1161 3392 1185 3443 3.

208 3471 338 3520 assassins
348 3471 483 3519 mentions
497 3469 637 3519 Cornelius
647 3468 719 3529 only,
773 3470 872 3518 17-22.
891 3471 934 3519 On
960 3471 1005 3519 the
1030 3470 1116 3520 whole
1144 3484 1256 3538 passage

208 3546 320 3596 because
342 3547 384 3595 his
407 3560 466 3607 son,
490 3546 547 3596 also
568 3545 664 3594 named
688 3545 718 3594 C.
742 3547 776 3596 ci.
800 3547 849 3597 lV.
875 3547 888 3607 ξ
910 3548 948 3594 12.
985 3546 1201 3597 delubrorum:
1218 3548 1253 3615 cf.

208 3622 359 3682 Cornelius,
379 3637 433 3671 was
450 3636 501 3671 one
519 3624 548 3672 of
568 3624 614 3671 the
631 3635 721 3684 prose·
742 3623 791 3674 IV.
821 3622 866 3672 18.
900 3625 936 3671 12.
972 3635 1145 3683 puerorum,
1174 3638 1204 3673 as
1227 3624 1256 3673 in

207 3706 306 3749 cutors.
342 3712 404 3760 qua
426 3699 565 3756 mollitia,
591 3699 675 3748 ‘such
698 3699 720 3747 is
742 3700 817 3749 Caes.
833 3698 883 3748 IV.
894 3698 940 3745 14.
953 3699 976 3746 5.
1002 3711 1074 3747 cum
1091 3734 1096 3745 .
1114 3735 1119 3746 .
1137 3736 1143 3747 .
1162 3699 1255 3749 cinis:

207 3787 253 3845 my
265 3776 431 3838 tenderncss,
444 3776 524 3826 etc.:’
540 3776 581 3824 tor
599 3776 654 3824 this
672 3789 719 3824 use
741 3775 829 3823 notice
842 3776 889 3823 the
908 3773 1081 3823 allitcration.
1119 3775 1256 3827 animum
