2678 4260
456 271 536 328 cir.
563 273 649 335 nic,
675 272 688 337 i
712 273 799 326 rens.
1019 274 1022 278 *
1125 256 1188 330 247

91 470 210 527 rerum,
234 471 317 536 quas
342 473 404 535 ego
428 450 525 534 gessi,
552 471 617 510 non
647 447 760 512 eadem
793 454 844 511 est
874 445 1010 510 fortuna
1034 454 1135 530 atque

90 556 241 620 condicio
257 576 342 638 quae
361 553 505 626 illorum,
520 554 579 636 qui
596 561 735 616 externa
749 551 835 615 bella
845 559 1032 635 gesserunt,
1045 551 1136 635 quod

91 660 171 722 mihi
202 681 276 722 cum
302 659 341 721 iis
366 656 550 721 vivendum
575 664 635 731 cst,
662 678 746 740 quos
771 656 897 719 viciae
924 654 1052 738 subegi,
1085 654 1135 718 illi

90 763 201 827 hostes
217 769 277 825 ant
288 760 481 825 interlectos
493 769 551 824 aut
566 782 740 844 oppressos
754 759 972 842 reliquerunt,
986 765 1137 823 vestrum
1172 775 1188 821 o

89 874 150 941 est,
168 863 326 945 Quirites,
344 866 371 928 si
388 865 508 928 ceteris
525 863 613 927 facta
625 886 686 928 sua
699 871 786 927 recte
800 869 950 946 prosunt,
966 863 1044 926 mihi
1063 885 1135 927 mea

89 991 130 1034 ne
157 969 290 1053 quando
314 969 433 1044 obsint,
462 967 646 1052 providere.
695 967 825 1033 Mentes
851 968 938 1030 enim
962 967 1135 1031 hominum

88 1071 384 1136 audacissimorum
400 1073 579 1136 sceleratae
604 1093 640 1136 ac
665 1070 810 1135 nefariae
837 1093 877 1134 ne
901 1069 992 1134 vobis
1017 1094 1135 1137 nocere

88 1184 234 1262 possent,
266 1198 328 1264 ego
359 1176 500 1261 providi,
533 1199 573 1240 ne
605 1177 685 1240 mihi
717 1185 869 1251 noceant,
902 1183 1050 1241 vestrum
1084 1188 1136 1243 est

87 1281 273 1366 providere.
335 1279 559 1365 Quamquam,
593 1280 753 1359 Quirites,
785 1281 865 1343 mihi
897 1281 1034 1364 quidem
1074 1283 1135 1366 ipsi
1160 1299 1187 1343 10

86 1385 170 1450 nihil
194 1385 236 1450 ab
265 1386 338 1450 istis
370 1386 434 1448 iam
462 1386 572 1449 noceri
606 1391 727 1468 potest.
774 1383 935 1470 Magnum
968 1387 1055 1448 enim
1083 1394 1134 1450 cst

86 1491 123 1553 in
150 1490 246 1555 bonis
277 1489 489 1574 praesidium,
524 1488 615 1572 quod
647 1489 726 1551 mihi
760 1490 791 1550 in
824 1496 1024 1572 perpetuum
1049 1512 1135 1554 conr·

87 1601 240 1679 paratum
264 1602 324 1670 est,
349 1616 470 1679 magna
497 1595 531 1657 in
560 1615 593 1658 re
625 1593 759 1678 publica
790 1592 947 1679 dignitas,
972 1615 1057 1677 quae
1082 1616 1132 1659 ine

87 1719 217 1782 semper
233 1699 335 1762 tacita
359 1697 527 1785 defendet,
553 1719 674 1782 magna
698 1699 747 1761 vis
771 1698 1005 1771 conscientiae,
1030 1721 1128 1782 quam

87 1803 147 1886 qui
170 1802 365 1888 neglegunt,
390 1824 466 1865 cum
491 1823 542 1865 me
567 1802 690 1864 violare
715 1801 840 1876 volent,
865 1823 899 1866 se
925 1803 987 1885 ipsi
1013 1801 1135 1868 indica·
1157 1820 1185 1865 15

86 1903 181 1969 bunt.
228 1905 291 1968 list
305 1907 393 1969 enim
420 1906 452 1967 in
478 1905 571 1969 nobis
597 1906 623 1968 is
645 1906 786 1980 animus,
816 1904 977 1983 Quirites
1007 1914 1046 1969 ut
1070 1913 1185 1975 non28

87 2009 185 2072 modo
209 2009 335 2073 nullius
363 2009 520 2072 audaciae
548 2008 715 2083 cedamus
740 2008 798 2072 sed
827 2011 925 2072 etiam
954 2011 1060 2074 omnis
1087 2012 1133 2074 in·

85 2112 205 2196 probos
237 2113 326 2176 ultro
357 2134 486 2196 semper
515 2113 726 2177 lacessamus.
775 2112 903 2191 Quodsi
938 2116 1044 2178 omnis
1075 2116 1133 2178 im·

85 2224 185 2299 petus
212 2216 467 2280 domesticorum
499 2217 644 2280 hostium
676 2215 836 2300 depulsus
868 2239 886 2281 a
917 2217 1011 2282 vohis
1034 2241 1068 2282 se
1096 2220 1130 2282 in

86 2342 137 2384 me
169 2342 274 2384 unum
304 2322 517 2395 convorterit,
542 2321 635 2385 vobis
663 2323 727 2384 erit
751 2320 944 2397 videndum,
969 2321 1130 2402 Quirites,
1154 2340 1184 2386 20

1053 2439 1131 2450 —-.q

116 2483 142 2532 3.
170 2484 324 2541 condicio,
352 2499 382 2535 as
410 2486 438 2534 in
466 2486 480 2546 §
507 2485 531 2533 2.
556 2486 593 2534 10.
620 2485 681 2534 how
693 2487 758 2536 used
777 2487 805 2534 in
823 2487 869 2535 tlre
887 2486 1015 2548 passive?
1048 2486 1133 2549 Mag-

85 2572 171 2620 quae,
193 2560 266 2610 ‘asz’
297 2575 332 2611 sc.
361 2561 480 2621 soriano
513 2564 596 2622 atquc
620 2572 694 2609 num
711 2597 716 2608 .
734 2597 739 2608 .
757 2597 763 2608 .
780 2562 976 2623 praesidium.
1007 2562 1133 2613 ‘Tliede-

85 2636 217 2686 condicio.
621 2637 698 2686 ienae
721 2638 750 2686 of
778 2638 845 2699 loval
876 2653 936 2687 meu
965 2645 1062 2688 counts
1090 2640 1133 2688 lor

116 2709 177 2767 5,6.
194 2714 404 2760 vestrumest:
417 2711 593 2773 cituumeat,
619 2711 720 2774 much,'
739 2729 769 2764 so
791 2728 891 2773 monna
914 2717 954 2763 est
974 2714 1071 2763 below:
1094 2716 1128 2765 cf.

83 2787 154 2836 Mur.
164 2787 210 2836 83.
219 2786 259 2839 27.
285 2800 342 2836 sua
354 2789 439 2837 refers
450 2793 477 2837 to
488 2791 593 2850 ceteris,
620 2791 688 2840 illm.
703 2789 747 2838 53.
762 2791 798 2838 14.
834 2789 933 2847 bonis,
946 2804 975 2840 as
989 2792 1015 2838 in
1032 2792 1053 2840 1.
1067 2791 1093 2838 1.
1104 2793 1129 2843 5.

83 2865 173 2914 which
194 2865 217 2913 is
234 2865 280 2914 tire
303 2865 407 2928 logical,
427 2866 530 2926 though
547 2873 595 2916 not
650 2867 753 2923 14,15.
771 2867 820 2914 vis
839 2867 1059 2924 conscientiae,
1075 2869 1129 2929 i.e.‚

82 2943 130 2990 the
138 2942 321 3003 grammatica]
329 2943 445 3003 subject:
460 2942 495 2991 ‘ii
504 2943 595 2993 others
620 2944 665 2992 the
681 2944 758 2992 inner
769 2944 971 2992 conscicusness
983 2958 1013 2993 or
1024 2945 1132 2994 convic-

83 3030 128 3065 are
144 3017 286 3077 benefited,
299 3032 329 3067 as
346 3019 368 3067 is
386 3019 465 3081 right,
479 3019 513 3080 hy
525 3019 595 3067 their
618 3021 676 3068 tion
694 3021 754 3068 that
771 3018 863 3068 Cicero
881 3020 934 3069 had
952 3020 1033 3082 really
1049 3021 1130 3071 saved

82 3092 182 3142 deeds!
218 3095 250 3142 Α.
275 3094 322 3143 196
342 3109 374 3156 c,·
398 3095 430 3144 G.
455 3095 502 3144 295
523 3095 546 3143 R
568 3097 594 3156 13
619 3096 665 3145 ilie
693 3101 770 3145 state.
822 3108 914 3156 quam
939 3097 1081 3157 qui=et,
1106 3099 1131 3148 a·

83 3169 120 3220 H.
149 3169 205 3219 449.
231 3170 259 3229 33
276 3167 308 3221 B.
337 3169 387 3219 244
414 3169 439 3218 4.
508 3174 594 3220 recte
618 3174 666 3233 qai
683 3185 762 3233 canu
783 3172 825 3221 ior
843 3175 967 3233 orrizsi
991 3176 1069 3234 qaia:
1092 3174 1128 3224 ci.

84 3246 239 3308 (=mcrito)
254 3247 276 3297 is
288 3248 447 3297 introduced
459 3247 594 3310 expressly
618 3248 654 3296 li.
673 3248 719 3295 27.
731 3249 770 3297 26.
821 3259 855 3296 ee
872 3248 945 3309 ipsi:
965 3249 1006 3297 ior
1022 3263 1082 3299 case
1100 3250 1130 3298 of

82 3329 110 3372 to
121 3324 195 3372 show
208 3325 268 3372 that
285 3325 318 3373 lie
331 3325 379 3373 has
396 3339 432 3373 no
449 3325 548 3384 feeling
564 3324 593 3374 ol
617 3323 663 3373 the
676 3324 808 3373 intensive
821 3338 864 3373 see
875 3339 910 3372 on
925 3325 945 3373 l.
960 3324 1006 3374 19.
1018 3327 1041 3374 3.

82 3400 292 3461 envyiortlrem.
327 3399 486 3448 mihimea
511 3400 591 3448 Latin
648 3400 712 3457 §28
731 3398 833 3448 16-18.
850 3400 885 3456 is,
899 3415 929 3450 as
947 3403 974 3449 in
993 3402 1014 3449 Ι.
1028 3401 1074 3449 22.
1088 3403 1126 3450 12.

83 3475 186 3524 writers
202 3475 271 3524 have
290 3490 306 3524 a
325 3476 454 3524 fondness
473 3477 517 3524 for
533 3483 593 3538 pnt-
615 3475 781 3538 inprobos:
799 3490 843 3525 see
861 3490 896 3525 on
910 3477 931 3525 1.
945 3476 998 3524 ia
1016 3477 1048 3525 ad
1067 3477 1129 3538 iin.;

83 3551 142 3612 ting
161 3551 285 3612 together
307 3551 433 3600 different
455 3566 593 3613 pronouns
615 3554 676 3615 give
693 3567 709 3602 a
728 3567 869 3614 synonym.
905 3552 995 3610 ultro,
1015 3555 1129 3615 ‘unpro-

82 3627 245 3676 ordinercnt
254 3628 339 3676 forms
348 3629 377 3675 oi
390 3628 435 3676 the
447 3642 521 3676 same
533 3640 592 3689 pro
617 3629 732 3678 voked:'
747 3630 780 3678 ci.
795 3630 856 3687 §22
866 3628 905 3676 33.
942 3627 1075 3687 Quodsi:
1090 3630 1126 3679 cf.

82 3715 170 3751 noun:
187 3717 231 3752 see
244 3702 270 3751 ll.
287 3703 324 3750 14.
340 3705 377 3751 15.
616 3705 686 3755 Mur.
700 3705 745 3754 40.
757 3707 795 3755 23.

112 3776 317 3836 uianihss,
344 3791 373 3827 as
404 3779 431 3828 in
460 3780 482 3828 1.
511 3780 537 3827 1.
565 3781 588 3830 3.
647 3782 692 3831 20.
710 3783 787 3831 erit
813 3781 1000 3840 videndum
1028 3783 1082 3843 i.e.,
1107 3782 1129 3832 it

81 3855 201 3908 noceri:
236 3853 406 3906 intransitive
434 3856 511 3907 verbs
546 3870 591 3907 are
616 3857 679 3923 they
695 3858 816 3910 deseried
833 3859 900 3922 him,
919 3872 956 3909 no
974 3871 1026 3910 oue
1039 3857 1128 3912 would
