2678 4260
506 215 588 290 cart
610 229 697 301 area
724 237 737 301 ς
760 230 847 292 vato.
1176 216 1240 290 599

143 415 299 476 extruere
315 411 501 476 aedificium
518 413 551 474 iu
568 413 687 486 alieno,
705 413 764 495 qui
780 411 858 474 huic
883 411 922 473 T.
941 410 1112 488 Furfanio,
1130 414 1184 475 cui
1201 417 1239 478 75

144 515 226 589 viro,
254 514 289 578 di
311 515 533 581 immortales!
570 515 674 600 (quid
705 517 793 580 enirn
825 537 886 601 ego
918 515 959 580 de
987 517 1185 580 muliercula

142 617 288 696 Scantia,
306 619 389 704 quid
404 619 445 684 de
462 620 674 685 adulescente
692 619 730 682 P.
746 619 871 703 Apinio
889 620 1022 684 dicam?
1044 642 1187 703 quorum
1211 637 1240 680 45

142 724 278 807 utrique
304 731 444 789 mortem
471 732 522 789 est
547 725 733 799 minitatus,
760 725 823 788 nisi
847 723 910 788 sibi
926 723 1099 788 hortorum
1115 746 1187 808 pos-

140 828 287 892 sessione
318 829 516 911 cessissent)
531 828 643 892 -sed
675 849 794 892 ausum
833 849 904 892 esse
943 827 982 890 T.
1023 827 1184 891 Furfanio

140 931 262 1008 dicere,
293 933 322 996 si
351 932 413 996 sibi
445 934 631 1017 pecuniam,
671 941 832 1017 quantam
869 941 1076 1016 poposcerat,
1118 954 1184 996 non

140 1035 298 1112 dedisset,
320 1045 491 1101 mortuum
514 1060 549 1102 se
573 1038 607 1099 in
633 1037 769 1100 domum
792 1038 864 1102 eius
895 1038 1089 1110 inlaturum,
1119 1058 1185 1120 qua

139 1139 268 1205 invidia
282 1141 361 1205 huie
378 1150 467 1205 esset
484 1142 543 1204 tali
554 1142 626 1206 viro
639 1139 934 1226 conflagrandum
959 1141 1018 1224 qui
1036 1140 1186 1224 Appium
1208 1158 1239 1202 so

139 1243 286 1320 fratrem,
318 1245 484 1309 hominem
517 1244 598 1307 mihi
629 1247 846 1309 coniunctum
876 1244 1036 1309 fidissima
1066 1245 1184 1330 gratia,

138 1347 310 1413 absentem
325 1348 366 1413 de
383 1349 591 1433 possessione
610 1347 708 1412 fundi
726 1349 856 1424 deiecit,
874 1350 932 1432 qui
949 1349 1110 1432 parietem
1133 1349 1180 1412 sic

138 1476 198 1538 per
212 1453 418 1519 vestibulum
434 1455 555 1518 sororis
574 1454 723 1518 instituit
739 1453 870 1529 ducere,
888 1455 935 1517 sic
952 1475 1050 1538 agere
1066 1451 1184 1516 funda-

138 1567 261 1635 menta,
285 1564 326 1622 ut
347 1579 493 1622 sororem
516 1580 583 1621 non
610 1557 709 1621 modo
738 1557 905 1621 vestibulo
936 1558 1093 1641 privaret,
1124 1557 1183 1621 sed

138 1663 229 1726 omni
245 1661 341 1727 aditu
358 1671 393 1728 et
408 1661 545 1727 limine’
1207 1677 1237 1720 ts

182 1782 316 1829 xxvnr.
358 1764 573 1850 Quamquam
604 1765 684 1830 haec
724 1764 861 1849 quidem
891 1766 954 1829 iam
994 1763 1181 1828 tolerabilia
1197 1768 1236 1831 ⁷6

137 1868 348 1948 videbantur,
360 1872 423 1935 etsi
433 1869 653 1954 aequabiliter
662 1870 696 1932 in
711 1891 779 1934 rem
791 1869 969 1954 publicam,
979 1869 1181 1955 inparatos

137 1974 172 2036 in
189 1973 401 2060 longinquos
419 1976 454 2037 in
477 1974 693 2060 propinquos,
710 1974 746 2035 in
769 1974 905 2050 alienos
922 1974 957 2036 in
980 1994 1058 2038 suos
1082 1974 1183 2038 irrue·

126 2076 215 2152 'bat3
239 2078 298 2143 sed
324 2080 436 2144 nescio
460 2101 527 2163 quc
551 2078 649 2141 modo
673 2078 737 2141 iam
755 2100 819 2141 usu
836 2077 1041 2142 obduruerat
1064 2086 1099 2143 et
1114 2101 1183 2162 per·

136 2183 300 2246 calluerat
337 2185 484 2248 civitatis
524 2183 727 2248 incredibilis
758 2183 930 2266 patientia.
979 2182 1073 2262 Quae
1105 2200 1221 2250 veros

136 2286 276 2352 aderant
290 2287 355 2351 iarn
371 2295 407 2352 et
418 2286 663 2372 impendebant,
677 2308 822 2370 quonam
839 2288 937 2352 modo
950 2311 989 2353 ea
1000 2297 1060 2353 aut
1072 2290 1181 2374 depel-

169 2457 234 2520 §75.
263 2458 365 2508 43-50.
398 2458 471 2508 huic
490 2461 578 2509 shows
597 2458 645 2520 (cf.
702 2458 748 2517 ⁵3,
769 2459 814 2507 54.
856 2460 1055 2517 vestibulum,
1081 2462 1184 2512 ‘court-

135 2534 153 2583 l.
171 2535 214 2594 33)
235 2536 295 2584 that
315 2535 461 2585 Furfanius
479 2550 534 2586 was
552 2550 604 2585 one
620 2536 650 2585 of
670 2535 755 2598 yard‚'
770 2537 816 2586 the
834 2551 904 2599 open
924 2552 1002 2599 space
1021 2538 1184 2587 infrontat

135 2611 183 2660 the
194 2612 291 2673 jurors.
327 2611 403 2674 quid
421 2612 518 2661 enim:
540 2613 584 2662 for
603 2613 649 2662 the
670 2614 717 2662 the
739 2613 832 2663 house.
873 2615 997 2670 sororis,
1020 2614 1062 2662 his
1085 2614 1183 2664 second

135 2686 238 2750 ellipsis
259 2689 325 2737 with
346 2690 417 2738 enim
439 2689 474 2738 cf.
494 2690 561 2739 Sest.
584 2688 649 2737 110.
671 2689 757 2749 sister,
785 2691 940 2739 mentioued
965 2691 1014 2752 Ep.
1043 2690 1077 2740 V.
1097 2688 1122 2737 ³.
1142 2691 1181 2750 18,

137 2763 176 2814 18.
211 2763 332 2826 utrique
350 2767 496 2813 mortem:
516 2765 560 2815 ior
576 2779 650 2815 cases
672 2766 732 2815 who
742 2780 795 2815 was
803 2757 924 2816 believed
933 2773 962 2816 to
971 2767 1040 2816 have
1052 2766 1181 2829 poisoned

135 2854 181 2890 see
205 2855 241 2889 on
265 2840 302 2891 11.
327 2841 354 2889 1.
381 2842 405 2891 3.
454 2842 511 2891 sed
541 2853 650 2889 ausum
671 2842 720 2890 her
730 2843 863 2902 husband,
878 2843 1003 2892 Metellus
1018 2841 1108 2892 Celer:
1138 2856 1183 2892 see

136 2928 220 2966 esse:
237 2917 280 2967 for
297 2918 345 2968 sed
364 2932 407 2968 see
419 2933 454 2969 on
470 2918 523 2967 111.
538 2917 563 2965 3.
576 2918 603 2979 4;
621 2918 649 2966 in
671 2932 707 2967 on
718 2918 785 2968 Sest.
799 2918 865 2967 131.
879 2921 917 2969 26.

136 3007 235 3042 ausum
263 3007 319 3042 esse
349 2995 423 3043 there
447 2996 469 3044 is
492 3009 526 3042 an
554 3008 650 3052 anaco-
983 2979 995 2998 ⁰

135 3068 243 3129 luthon‚
262 3084 292 3119 as
311 3071 357 3119 the
377 3071 481 3132 subject
500 3071 557 3132 qui,
576 3069 591 3119 l.
607 3070 647 3131 43,
704 3069 874 3134 (11‚(a).)2.
895 3072 1005 3122 Clodius
1038 3072 1092 3122 had
1122 3086 1182 3134 pro-

136 3146 159 3194 is
171 3160 243 3195 nom.
270 3147 412 3196 Translate
423 3162 453 3196 as
465 3147 488 3196 if
503 3161 587 3196 ausus
599 3149 648 3207 cst,
670 3148 737 3209 jects
766 3149 809 3197 for
834 3149 880 3198 the
903 3149 995 3199 iutnre
1017 3163 1085 3198 even
1107 3162 1181 3198 more

135 3222 189 3270 and
197 3224 257 3285 give
265 3223 368 3285 princp.
388 3229 469 3285 parts.
485 3226 649 3279 mortuum,
671 3224 849 3285 abominabis,
858 3225 907 3274 but
915 3226 989 3275 these
998 3231 1027 3274 to
1039 3226 1085 3274 the
1096 3225 1142 3287 joy
1151 3225 1181 3273 oi

137 3300 288 3362 ‘aeorpsess
302 3305 331 3350 to
344 3300 451 3350 involve
463 3300 609 3350 Furfanius
621 3301 648 3349 in
671 3300 706 3349 all
718 3300 785 3350 Milo
796 3301 845 3350 has
857 3302 1001 3362 preveuted
1016 3299 1057 3362 (ἓξ
1074 3302 1113 3352 ῖ6.
1127 3300 1179 3359 u).

134 3377 273 3438 suspicion
281 3377 311 3425 oi
323 3377 438 3426 murder.
464 3389 525 3438 qua
531 3376 650 3425 invidia
671 3376 739 3425 Now
751 3382 780 3425 at
795 3376 888 3438 length
902 3378 970 3440 good
988 3378 1066 3428 order
1080 3392 1131 3426 can
1148 3378 1181 3426 be

138 3476 164 3501 =
175 3454 254 3502 cuias
273 3455 314 3502 rei
335 3454 458 3503 invidia:
476 3467 520 3502 see
533 3468 567 3502 on
582 3453 647 3504 Sull.
672 3453 788 3503 restored
803 3452 830 3514 (ᾗ
842 3451 892 3514 78),
905 3455 958 3503 aud
971 3469 1007 3502 no
1019 3468 1071 3504 one
1084 3454 1180 3503 wishes

133 3529 181 3578 11.
205 3531 243 3579 11.
268 3530 414 3591 Appium,
433 3528 517 3579 eldest
539 3530 650 3580 brother
671 3536 699 3578 to
711 3530 761 3578 call
773 3544 810 3593 up
823 3529 932 3580 Clodius
945 3537 974 3580 to
987 3531 1033 3579 life
1047 3529 1072 3592 (ἓ
1085 3531 1136 3592 79).

134 3607 165 3656 of
183 3605 302 3667 Clodius,
316 3606 409 3656 consul
424 3607 452 3654 in
464 3607 504 3666 54,
518 3608 579 3656 who
596 3607 649 3656 had
703 3607 717 3668 ἓ
740 3607 778 3658 Ἷ6.
807 3606 832 3654 6.
862 3606 998 3664 aderant,
1024 3606 1181 3669 impende·

134 3682 214 3731 made
225 3682 328 3732 friends
338 3682 404 3731 with
414 3680 507 3731 Cicero
518 3684 592 3732 since
603 3683 650 3732 the
670 3682 762 3732 bant:
779 3684 905 3745 hysteron
915 3689 1054 3745 proteron:
1065 3684 1100 3732 ci.
1110 3684 1179 3737 Sest

133 3759 216 3811 latter
226 3757 361 3809 delivered
372 3759 439 3809 Sest.
454 3757 539 3823 5126!
671 3757 736 3808 137.
749 3757 791 3810 n:
809 3759 860 3808 IV.
874 3759 918 3809 21.
934 3760 971 3812 14.
