2678 4260
417 277 498 331 oar.
524 280 613 343 14-15,
636 278 649 336 1
672 279 760 331 38-41.
950 324 951 327 ,
1090 263 1155 334 519

54 463 89 520 et
119 456 192 520 eius
223 453 323 519 fidem
346 453 540 536 imploranti
563 454 698 538 signum
722 450 825 528 dedit,
851 462 891 518 ut
913 453 956 518 ad
978 476 1030 519 me
1053 475 1103 519 re·

54 558 265 624 stituendum
284 558 421 621 Romam
445 564 700 630 concurrerent3
725 557 874 619 omnium
898 556 1044 641 denique
1068 559 1103 621 in

54 663 152 726 illum
182 661 258 725 odia
288 661 414 724 civium
444 659 605 723 ardebant
629 658 794 724 desiderio
820 661 894 735 mei,
920 682 1021 744 quem
1044 662 1101 746 qui

55 775 128 830 tum
150 766 390 839 interemisset,¹
402 785 469 826 non
486 762 527 826 de
543 764 743 847 impunitate
767 764 849 838 eius,
867 762 927 828 sed
950 763 991 829 de
1015 784 1106 849 prae·

54 871 130 934 miis
147 871 360 956 cogitaretur.
409 869 536 931 Tamen
559 889 594 932 se
619 868 703 931 Milo
727 868 897 932 continuit
916 875 951 933 et
976 869 1014 933 Ρ.
1032 869 1107 933 Clo·
1130 887 1158 930 10

54 974 150 1038 dium
165 976 199 1037 in
217 973 379 1036 iudicium
391 972 452 1048 bie,
464 971 506 1035 ad
519 973 587 1036 vim
603 993 788 1056 numquam
800 973 945 1037 vocavit.
985 971 1103 1052 Quid?
1118 976 1159 1037 40

54 1080 188 1163 privato
205 1077 332 1140 Milone
350 1084 385 1140 et
400 1097 455 1140 reo
472 1075 514 1138 ad
530 1076 694 1160 populum
710 1084 890 1141 accusante
915 1077 953 1139 Ρ.
971 1076 1103 1152 Clodi0,

55 1204 133 1246 cum
160 1182 194 1243 in
223 1180 284 1244 On.
310 1179 508 1263 Pompeium
531 1201 590 1263 pro
615 1179 742 1242 Milone
767 1179 935 1244 dicentem
957 1181 1103 1264 impetus

55 1286 167 1350 factus
195 1293 255 1360 est,
289 1305 374 1367 quae
408 1290 481 1347 tum
519 1305 587 1346 non
618 1282 716 1346 modo
748 1285 886 1359 eccesia,
914 1283 974 1348 sed
1004 1285 1105 1349 etiam

56 1410 157 1454 causa
187 1389 280 1452 illius
312 1386 520 1472 opprimendi
552 1386 644 1450 fuiti
690 1386 808 1471 Nuper
839 1409 918 1452 vero
950 1409 1027 1452 cum
1059 1388 1106 1451 M.
1131 1403 1160 1448 ao

56 1494 229 1558 Antonius
256 1513 420 1557 summam
450 1513 544 1575 spem
574 1491 692 1555 salutis
721 1491 816 1555 bonis
842 1491 996 1556 omnibus
1021 1499 1108 1555 attu-

56 1599 153 1661 lisset
168 1597 465 1682 gravissimamque
479 1594 676 1658 adulescens
692 1595 920 1659 nobilissimus
936 1598 984 1659 rei
1001 1595 1109 1679 publi-

57 1722 116 1765 cae
143 1709 271 1784 partem
296 1698 476 1762 fortissime
510 1700 713 1782 suscepisset
735 1706 836 1782 atque
860 1699 953 1761 illam
976 1699 1107 1762 beluam

57 1803 175 1867 iudicii
191 1803 329 1887 laqueos
355 1801 581 1866 declinantem
606 1803 672 1864 iam
696 1803 866 1865 inretitam
891 1809 1028 1877 teneret,
1046 1803 1105 1887 qui

57 1909 162 1982 100110,
180 1905 271 1990 quod
294 1914 426 1989 tempus
450 1904 546 1980 illud,
564 1905 599 1968 di
623 1906 835 1980 immortales,
860 1904 945 1968 fuit!
971 1926 1048 1968 cum
1071 1928 1107 1971 se
1131 1921 1161 1967 10

57 2010 115 2074 ille
140 2009 275 2096 fugiens
299 2009 335 2072 in
358 2009 523 2072 scalarum
556 2009 707 2073 tenebras
732 2008 925 2085 abdidisset,
950 2030 1110 2095 magnum

58 2114 183 2177 Miloni
213 2112 282 2176 fuit
304 2113 465 2177 conficere
497 2113 589 2176 illam
613 2120 741 2196 pestem
766 2114 860 2176 nulla
884 2135 945 2177 sua
968 2112 1105 2190 invidia,

59 2218 109 2281 M.
141 2239 221 2282 vero
246 2218 378 2280 Antoni
405 2218 550 2280 maxima
580 2216 704 2302 gloria!
752 2216 868 2296 Quid?
900 2219 1043 2282 comitiis
1074 2201 1162 2282 11141

59 2342 177 2406 campo
194 2322 351 2405 quotiens
368 2328 516 2406 potestas
533 2320 609 2396 fuit,
626 2342 703 2384 cum
718 2321 775 2384 ille
792 2323 827 2383 in
843 2328 959 2404 saepta
976 2323 1108 2397 ruisset,

59 2425 190 2513 gladios
207 2423 475 2510 destringendos
490 2423 617 2509 lapides
634 2424 800 2488 iaciendos
817 2427 1013 2498 curavisset,
1032 2424 1111 2489 dein
1134 2441 1164 2486 30

59 2529 173 2594 subito
204 2529 305 2593 vultu
337 2527 473 2592 Milonis
497 2528 692 2612 perterritus
716 2527 850 2613 fugeret
880 2527 922 2590 ad
953 2528 1110 2604 Tiberim,

60 2738 143 2788 when
159 2738 221 2787 that
237 2737 291 2799 city
304 2735 400 2798 passed
418 2736 578 2785 resolutioris
602 2733 750 2795 Antonius,
764 2735 922 2783 afterwards
935 2735 1052 2784 Cicero's
1063 2736 1114 2784 hit-

61 2815 91 2863 in
103 2814 183 2862 iavor
194 2813 223 2862 01
235 2812 354 2862 Cicero's
366 2811 455 2861 recall.
602 2817 682 2860 terest
693 2812 747 2871 foe,
761 2812 842 2860 drove
852 2811 961 2860 Clodius
978 2813 1049 2861 110111
1067 2813 1114 2860 the

95 2888 196 2937 13-15.
214 2900 307 2950 quem
319 2889 373 2950 qui
384 2888 579 2949 cogitaretur,
602 2889 691 2936 iorum
715 2889 781 2936 with
810 2879 903 2936 drawn
933 2889 1028 2949 sword,
1059 2889 1113 2937 and

62 2964 131 3015 ‘and
139 2967 161 3015 11
168 2980 221 3028 any
229 2980 281 3015 one
289 2965 342 3015 had
350 2964 433 3015 killed
442 2965 499 3012 him
507 2965 580 3020 then,
603 2964 690 3013 would
702 2965 771 3012 have
783 2964 865 3013 killed
878 2965 936 3013 hirn
949 2965 1002 3013 lrad
1015 2965 1049 3013 he
1066 2970 1114 3013 not

60 3045 140 3092 there
152 3042 241 3093 would
253 3043 323 3092 have
332 3043 400 3091 been
412 3056 448 3090 no
464 3041 582 3102 thought
602 3040 649 3088 hid
666 3040 777 3088 himself
795 3042 823 3088 in
841 3042 888 3089 the
905 3041 1029 3102 stairway
1047 3041 1076 3089 of
1098 3055 1114 3088 a

62 3121 147 3168 about
169 3120 212 3169 his
234 3119 355 3168 freedom
377 3119 448 3167 from
469 3116 581 3179 punish·
602 3117 765 3165 book-stare.
817 3116 1031 3177 gravissimam
1054 3151 1059 3162 .
1083 3151 1113 3163 ..

62 3200 148 3257 ment,
169 3196 218 3244 but
236 3194 338 3257 merely
361 3195 445 3244 about
469 3194 516 3242 the
542 3207 581 3241 re·
602 3195 728 3254 partem,
748 3192 779 3240 ‘a
796 3198 867 3241 most
889 3193 1037 3253 important
1055 3200 1114 3252 part

62 3271 157 3323 ward)
193 3272 246 3321 For
262 3285 341 3333 quem
359 3273 408 3332 qai
420 3269 454 3319 01.
469 3269 522 3318 ΙΙΙ.
536 3269 581 3316 27.
604 3269 631 3316 111
643 3268 763 3330 0011110111
783 3267 894 3317 01101103
930 3280 964 3316 se
980 3268 1013 3314 in
1029 3270 1115 3316 tene·

64 3350 107 3399 14:
123 3350 185 3398 how
197 3349 220 3397 is
230 3350 399 3409 cogitaretur
411 3345 493 3396 used?
525 3344 582 3402 bis,
603 3344 675 3393 bras
699 3342 887 3393 abdidisset:
917 3343 960 3393 101
982 3343 1029 3392 the
1052 3357 1115 3392 con·

63 3439 131 3474 once
142 3425 243 3474 1011110
255 3424 348 3473 attack
360 3437 433 3485 upon
448 3422 583 3472 hishouse
604 3421 736 3470 struction
748 3421 783 3469 cf.
798 3422 867 3470 Mur.
882 3419 928 3468 89.
942 3421 979 3469 16.

63 3501 222 3550 mentioned
247 3501 274 3548 in
305 3501 318 3561 §
346 3500 386 3549 38.
416 3499 458 3560 293
483 3498 512 3547 of
536 3499 583 3547 the
637 3498 701 3559 541.
721 3496 822 3545 28—30.
841 3496 985 3553 comitiis,
1009 3496 1061 3545 abl.
1086 3497 1116 3545 01

62 3578 163 3627 second
176 3577 293 3638 nothing
304 3578 327 3627 is
338 3578 448 3625 known.
605 3574 677 3622 time.
713 3576 835 3635 saepta:
860 3586 904 3621 000
927 3587 952 3633 p.
979 3574 1019 3634 60,
1041 3572 1053 3629 1
1074 3573 1113 3622 32.

97 3655 161 3714 §ab
186 3652 289 3700 17-26.
308 3651 348 3701 ad
360 3651 511 3713 populum
528 3686 534 3696 .
552 3686 557 3697 .
576 3686 581 3696 .
605 3647 843 3710 destringendos
861 3683 866 3694 .
885 3683 890 3695 .
908 3683 913 3694 .
931 3639 1116 3705 curavisset,

65 3728 192 3778 Clodio:
220 3742 265 3777 see
288 3741 324 3776 on
347 3729 415 3777 Sest.
446 3725 492 3774 95.
515 3727 537 3786 1,
556 3729 579 3775 2.
605 3723 1117 3787 ι11111100110011,010.;’1011110001111111·

62 3806 173 3867 Nuper
204 3816 288 3863 vero,
319 3809 369 3855 010.
417 3803 450 3855 In
482 3803 513 3853 53
542 3803 579 3854 M.
605 3802 647 3852 ive
658 3801 692 3852 cf.
707 3801 775 3853 Sest.
790 3799 815 3848 9.
826 3801 864 3851 11.
