2678 4260
191 256 256 320 212
518 269 589 319 rac
612 269 642 318 n.
668 268 828 320 nunnus
852 268 1000 322 enarro.

241 441 391 506 intonuit
406 463 473 506 vox
497 441 682 526 perniciosa
706 439 873 527 designati
899 440 1035 518 tribuni,
1053 443 1201 529 collegae
1218 443 1288 519 tui3

204 542 357 611 tcontra
382 567 483 630 quem
512 545 656 609 multum
685 551 744 609 tua
768 566 873 621 mens,
902 545 1047 609 multum
1073 568 1188 611 omnes
1211 546 1289 611 boui

240 649 470 736 providerunt,
484 651 544 734 qui
560 657 593 714 te
603 648 645 712 ad
659 648 849 714 tribunatus
860 651 1057 734 petitionem
1070 659 1287 716 vocaverunt.

242 754 373 829 Omnia,
397 775 482 838 quae
508 775 567 838 per
590 752 652 816 hoc
680 753 862 816 triennium
888 753 1014 838 agitata
1036 760 1126 829 sunt,
1149 754 1217 817 iam
1247 754 1289 819 ab

241 881 281 924 eo
308 865 467 943 tempore,
496 879 563 942 quo
589 879 609 920 a
635 857 673 919 L.
704 857 851 921 Catilina
878 863 913 921 et
937 857 999 920 Cn.
1017 857 1141 923 Pisone
1165 858 1289 923 initum

242 962 416 1028 consilium
435 970 570 1026 senatus
597 960 819 1026 interficiendi
843 962 936 1026 scitis
963 983 1044 1039 esse,
1062 963 1096 1025 in
1120 963 1181 1027 hos
1206 963 1287 1038 dies,

190 1072 229 1134 82
245 1069 279 1131 in
295 1067 354 1132 bos
383 1089 522 1142 meuses
550 1068 586 1130 in
611 1067 673 1130 hoc
701 1074 833 1150 tempus
861 1073 1051 1151 erumpunt.
1098 1066 1168 1146 Qui
1194 1069 1288 1141 locus

192 1188 216 1231 ιι
241 1179 303 1246 est,
321 1171 457 1246 iudices
475 1170 567 1254 quod
594 1179 737 1254 tempus,
755 1171 814 1254 qui
830 1169 912 1247 dies,
930 1192 1015 1255 quae
1039 1192 1117 1247 nox,
1134 1193 1212 1236 cum
1226 1194 1288 1258 ego

242 1297 308 1338 non
339 1297 380 1339 ex
413 1277 551 1338 istorum
584 1273 714 1338 insidiis
752 1295 790 1338 ac
825 1274 1039 1339 mucronibus
1074 1296 1142 1338 non
1178 1276 1288 1340 solum

242 1401 324 1456 mec,
353 1378 412 1444 sed
440 1379 547 1442 multo
583 1379 683 1443 etiam
711 1379 817 1464 magis
849 1377 965 1443 divino
996 1380 1136 1444 consilio
1167 1379 1289 1464 eripiar

241 1491 344 1568 atque
360 1483 514 1548 evolem?
559 1482 678 1567 Neque
695 1483 752 1547 isti
773 1504 827 1547 me
843 1504 917 1547 mec
933 1484 1067 1548 nomine
1091 1484 1287 1560 interficere,

192 1606 219 1649 15
240 1586 300 1652 sed
331 1587 528 1673 vigilantem
560 1587 729 1651 consulem
769 1586 809 1651 de
848 1588 895 1651 rei
933 1586 1085 1672 publicae
1123 1587 1293 1672 praesidio

241 1690 416 1756 demovere
444 1691 585 1765 voluut;
609 1712 670 1754 nec
696 1691 807 1754 minus
835 1692 972 1768 vellent,
990 1691 1085 1766 Cato,
1102 1699 1136 1757 te
1152 1713 1288 1777 quoque

241 1795 355 1879 aliqua
370 1796 509 1871 ratione,
526 1795 555 1858 si
571 1802 717 1879 possent,
736 1795 874 1870 tollere3
899 1794 933 1857 id
957 1794 1058 1879 quod,
1075 1796 1157 1858 mihi
1180 1796 1288 1872 crede,

241 1906 277 1962 et
305 1906 412 1984 agunt
442 1907 477 1963 et
507 1899 700 1963 moliuntur.
748 1898 887 1974 Vident,
919 1905 1084 1983 quantum
1115 1901 1151 1964 in
1181 1907 1214 1965 te
1245 1901 1290 1965 sit

241 2003 353 2078 animi,
385 2011 550 2088 quantum
581 2004 719 2090 ingenii,
748 2011 913 2087 quantum
941 2005 1162 2080 auctoritatis,
1186 2027 1289 2090 quan·

189 2119 219 2164 2⁰
242 2115 314 2171 tum
330 2109 376 2172 rei
393 2108 545 2192 publicae
560 2107 716 2192 praesidii
732 2130 740 2182 ;
763 2107 831 2183 sed,
849 2129 926 2172 cum
954 2109 1120 2172 consulari
1148 2111 1290 2174 auctori-

242 2220 310 2277 tate
347 2220 382 2277 et
411 2213 537 2275 auxilio
574 2213 751 2296 spoliatam
782 2213 851 2276 vim
889 2210 1101 2277 tribuniciam
1131 2212 1287 2288 viderint,

241 2322 313 2379 tum
329 2338 363 2380 se
380 2315 513 2380 facilius
540 2317 700 2380 inermem
716 2322 751 2380 et
776 2314 989 2379 debilitatum
1015 2323 1050 2381 te
1073 2337 1287 2401 oppressuros

241 2419 453 2484 arbitrantur.
501 2419 596 2496 Nam,
624 2442 665 2484 ne
696 2419 882 2483 sufficiatur
912 2420 1039 2497 consul,
1065 2442 1133 2485 non
1155 2421 1287 2486 timent.

242 2522 371 2587 Vident
386 2525 419 2586 in
450 2531 585 2589 tucrum
613 2531 778 2608 potestate
806 2524 1011 2610 collegarum
1037 2524 1128 2600 fore3
1152 2534 1289 2610 sperant

189 2639 218 2684 25
240 2627 303 2691 sibi
328 2628 370 2690 D.
396 2627 557 2703 Silanum,
586 2629 712 2692 clarum
740 2629 861 2705 virum,
888 2629 961 2694 siue
989 2629 1127 2716 collega,
1154 2637 1189 2694 te
1215 2631 1287 2694 sine

241 2732 389 2806 consule,
428 2754 497 2796 rem
536 2731 704 2816 publicam
742 2733 814 2796 sine
853 2732 1019 2817 praesidio
1057 2732 1144 2797 obici
1181 2755 1287 2818 posse.

188 2837 228 2900 83
246 2835 308 2900 His
336 2837 439 2900 tantis
464 2838 500 2898 in
525 2836 624 2900 rebus
652 2837 823 2920 tantisque
850 2837 884 2900 in
908 2837 1065 2921 periculis
1095 2844 1148 2902 est
1179 2844 1297 2913 tuum,

271 3041 297 3089 4.
315 3042 469 3104 designati
478 3043 602 3100 tribuni,
615 3042 646 3103 Q.
661 3043 755 3092 Metel·
774 3042 858 3103 sake,’
888 3057 905 3091 a
935 3044 1078 3106 metaphor
1104 3043 1177 3093 from
1206 3043 1287 3094 book·

240 3117 281 3167 lus
289 3118 643 3182 Nepos,Cice1·o'spersonal
651 3134 753 3181 enerny.
774 3119 896 3182 keeping,
916 3120 1005 3170 where
1021 3120 1069 3169 the
1090 3117 1238 3170 ‘account’
1259 3119 1288 3170 of

271 3194 297 3251 8,
309 3194 337 3244 9.
356 3209 375 3243 a
398 3195 538 3252 Catilina,
561 3202 622 3255 etc,
645 3197 692 3245 the
714 3211 754 3245 sc·
774 3196 821 3245 the
841 3210 938 3257 person
956 3195 1044 3246 would
1064 3196 1097 3246 be
1116 3196 1183 3260 kept
1202 3197 1287 3247 under

188 3320 194 3329 ,
240 3271 324 3320 called
353 3272 424 3321 First
452 3272 626 3335 Conspiracy,
656 3288 681 3335 p.
712 3274 752 3333 23,
774 3273 816 3320 his
828 3286 907 3320 name
920 3271 1047 3335 (nomen).

240 3347 270 3408 ἐξ
282 3348 369 3398 30-32.
404 3349 443 3404 in.
458 3348 566 3410 ‘upon'
582 3355 630 3398 not
643 3348 650 3372 ‘
661 3349 708 3398 in’
805 3348 850 3397 18.
869 3352 964 3409 agunt
981 3352 1014 3398 et
1030 3349 1208 3408 moliuntur,
1227 3349 1285 3400 ‘are

273 3425 338 3486 §82
358 3424 461 3481 1213.
478 3437 541 3474 non
564 3425 667 3474 solum
690 3462 695 3472 .
718 3461 724 3473 .
747 3462 753 3472 .
773 3425 1237 3489 aimlngaudworkingat3'cf.§'l9.
1245 3428 1283 3478 31.

239 3500 296 3549 sed
309 3501 410 3549 etiam.
446 3501 522 3550 ‘ldo
539 3508 587 3550 not
604 3515 651 3563 say
663 3502 697 3563 by
710 3516 752 3563 my
805 3501 850 3558 24,
862 3502 908 3551 25.
925 3502 1006 3552 lore:
1024 3518 1060 3552 sc.
1076 3505 1125 3554 boc
1136 3528 1162 3553 =
1171 3518 1205 3554 ae
1216 3504 1285 3568 κηπ-

240 3579 369 3629 ...but
397 3578 440 3626 far
461 3592 535 3628 more
560 3579 594 3641 by
616 3580 663 3627 the
681 3615 687 3628 .
707 3615 713 3627 .
734 3579 751 3628 .’
774 3580 865 3627 cietur
882 3574 985 3630 corisul.
1019 3579 1216 3639 D.Si1anum,
1228 3582 1285 3630 Mu-

240 3653 290 3704 See
301 3669 336 3704 cn
350 3655 386 3704 11.
399 3655 426 3703 5.
438 3654 461 3706 7.
773 3655 860 3704 rena's
872 3656 1018 3720 colleague,
1031 3671 1058 3720 p.
1072 3657 1113 3718 33,
1127 3658 1142 3719 ξ
1154 3658 1193 3708 56.

272 3727 319 3776 14.
336 3729 538 3778 meonomine
549 3753 575 3777 =
586 3743 646 3778 creec
657 3744 750 3790 causo,
804 3732 818 3793 ξ
830 3732 869 3781 83.
888 3732 934 3780 27.
952 3736 1002 3782 est
1018 3736 1115 3794 tuum,
1129 3733 1168 3783 ‘it
1184 3735 1209 3785 is
1220 3748 1284 3802 your

242 3804 294 3860 ‘ou
316 3819 361 3872 my
383 3804 516 3869 account,’
543 3805 603 3855 ‘for
625 3820 669 3872 my
690 3821 751 3856 own
771 3807 855 3874 duty?
