2678 4260
175 213 239 287 tls
531 225 603 283 rao
626 228 657 284 r.
681 224 801 284 sunm
826 223 976 282 osntto.

228 434 297 479 sam
325 413 495 496 vitamque
524 410 729 476 defendere?
775 409 809 473 Si
838 409 966 474 medius
993 407 1102 486 fidius,
1134 408 1274 486 iudicati,

175 533 205 581 ιο
225 539 293 583 non
309 539 362 582 me
380 519 450 601 ipsa
466 539 517 581 res
535 517 667 600 publica
684 517 764 580 meis
782 513 948 578 laboribus
964 522 999 579 et
1019 514 1177 599 periculis
1199 535 1275 580 oon·

227 631 360 688 servata
375 621 416 686 ad
432 621 631 707 gravitatem
657 621 757 683 animi
782 627 816 683 et
838 619 1059 683 constantiam
1081 639 1143 683 sua
1167 617 1275 705 digui-

228 734 297 792 tate
314 735 494 801 revocaret,
513 733 622 789 tamen
640 724 701 788 hoo
723 732 842 787 natura
865 730 916 787 est
940 724 1087 799 insitum,
1105 729 1154 799 ut,
1171 743 1274 807 quem

228 832 387 906 timueris,
405 831 541 914 quicum
559 829 599 893 de
617 830 687 894 vita
703 827 915 911 fortunisque
938 826 1158 902 contenderis,
1175 826 1273 892 cuius

227 957 269 1000 ex
301 934 429 999 insidiis
460 935 614 1009 evaseris,
646 933 735 996 huno
765 953 894 1016 semper
923 931 1042 996 oderis.
1099 929 1166 996 Sed
1195 951 1274 996 cum

176 1055 204 1100 ro
226 1047 346 1124 agatur
361 1038 465 1102 honos
483 1059 575 1103 meus
591 1037 825 1121 aurplissimus,
842 1035 948 1122 gloria
970 1056 1080 1100 rerum
1102 1042 1275 1121 gestarum

227 1144 417 1227 singularis,
442 1164 528 1217 oum,
553 1142 708 1225 quotiens
736 1141 879 1224 quisque
910 1146 961 1204 est
992 1140 1026 1202 in
1056 1138 1119 1203 hoc
1148 1139 1274 1204 scelere

228 1247 414 1322 convictae,
432 1248 556 1311 totiens
574 1254 753 1310 renovetur
775 1245 932 1309 memoria
954 1265 1013 1328 per
1036 1264 1088 1307 me
1115 1243 1274 1309 inventae

227 1349 356 1426 salutis,
380 1372 442 1436 ego
469 1351 532 1413 sim
559 1358 626 1412 tam
654 1348 799 1425 demens,
824 1370 887 1434 ego
917 1348 1130 1417 committam,
1156 1354 1196 1411 ut
1225 1367 1274 1424 ea,

228 1475 313 1538 quae
331 1476 389 1539 pro
405 1455 513 1518 salute
533 1456 682 1517 omnium
705 1454 802 1539 gessi,
820 1474 899 1517 casu
924 1453 1029 1538 tnagis
1053 1458 1088 1517 et
1110 1451 1274 1517 felicitate

175 1574 205 1620 20
226 1580 245 1621 a
268 1580 319 1622 me
344 1579 444 1642 quarn
473 1559 598 1622 virtute
625 1567 660 1622 et
684 1558 822 1621 consilio
849 1564 944 1642 gesta
971 1578 1043 1621 esse
1071 1553 1275 1620 videantur?

175 1661 342 1742 at‘Quid
365 1663 467 1748 ergo?
490 1663 552 1726 hoc
581 1661 641 1725 tibi
668 1661 793 1737 suuris,'
811 1661 901 1725 dicet
927 1660 1067 1725 fortasse
1096 1660 1273 1744 quispiam,

230 1774 299 1841 ‘ut,
317 1770 396 1850 quia
411 1776 450 1829 tu
472 1765 633 1841 defendis,
653 1767 810 1830 innocens
835 1763 1046 1830 iudicetur?‘
1094 1763 1273 1851 Egeram,

227 1869 365 1945 iudices,
384 1892 450 1933 non
468 1869 565 1934 modo
589 1869 670 1932 mihi
695 1869 777 1933 nihil
802 1869 949 1945 adsumo,
968 1869 1085 1953 inquo
1107 1868 1274 1954 quispiam

229 1982 405 2060 repugnet,
422 1974 608 2048 sedetiam,
625 1976 652 2037 si
678 1974 760 2059 quid
783 1974 824 2039 ab
848 1973 1000 2039 omnibus
1017 1972 1224 2050 conceditur,
1241 1971 1275 2037 id

175 2089 205 2136 25
227 2077 330 2142 reddo
349 2099 386 2143 ac
410 2079 553 2143 remitto.
600 2077 631 2140 N
634 2099 675 2141 on
694 2077 1211 2161 inert1·cpublicaversor,non
1235 2076 1274 2140 iis

230 2182 433 2267 temporibus
465 2205 575 2247 meum
606 2190 708 2267 caput
738 2182 843 2247 obtuli
876 2204 934 2267 pro
971 2183 1079 2266 patria
1117 2181 1274 2268 periculis

228 2287 392 2361 omnibus,
410 2309 476 2350 non
500 2295 560 2351 aut
583 2288 630 2351 ita
653 2294 733 2350 suut
760 2288 912 2363 extincti,
931 2308 1015 2372 quos
1040 2287 1116 2362 vici,
1141 2292 1202 2351 aut
1227 2286 1275 2350 ita

228 2392 325 2477 grati,
343 2413 427 2474 quos
454 2391 595 2467 servavi,
622 2398 662 2454 ut
684 2412 745 2477 ego
769 2392 850 2454 mihi
874 2391 951 2476 plus
978 2399 1135 2475 appetere
1163 2411 1272 2467 coner,

232 2516 331 2579 quani
363 2505 527 2578 quantum
564 2517 678 2560 omues
715 2496 840 2560 inimici
879 2495 1052 2580 invidique
1091 2495 1273 2580 patiantur.

176 2603 215 2664 85
227 2599 337 2665 Grave
353 2621 425 2665 esse
443 2600 578 2665 videtur
593 2622 679 2675 eum,
697 2603 754 2685 qui
773 2603 985 2687 investigarit
1000 2601 1272 2677 coniurationem,

258 2844 339 2894 9-13.
378 2843 499 2892 medius
527 2842 620 2891 fidius
633 2867 658 2892 =
675 2841 737 2906 [iio]
761 2845 860 2908 always
879 2845 1001 2896 followed
1020 2845 1055 2908 by
1067 2846 1183 2895 another
1198 2859 1274 2910 quss-

228 2934 267 2970 me
286 2922 352 2970 deas
366 2921 454 2981 fidius
476 2917 621 2983 [adiaceth
639 2935 683 2970 see
703 2935 737 2969 on
761 2921 1274 2986 tionandalwaysimplyinganegative

227 2998 385 3056 mehercule,
401 2996 422 3047 1.
437 2997 483 3046 17.
502 2999 541 3047 13.
577 2998 639 3047 dius
651 2997 739 3058 ⁸{itlius
761 3012 873 3048 answer.
897 2998 957 3046 tibi
964 2996 1132 3055 sumis,‘do
1140 3011 1194 3061 you
1202 3012 1275 3048 arro·

229 3071 375 3135 (cifides),
387 3073 393 3097 ‘
403 3074 449 3122 thc
461 3074 512 3136 god
525 3074 555 3123 of
567 3074 635 3136 good
648 3074 736 3123 iahia’
761 3081 822 3137 gate
830 3089 859 3124 so
867 3075 948 3124 intrch
957 3080 985 3125 to
993 3072 1233 3137 yourscli?’lnen
1241 3086 1273 3124 re

227 3149 335 3198 autmi:
357 3150 430 3198 what
448 3150 470 3199 is
488 3150 522 3199 its
546 3151 663 3212 position
676 3150 739 3199 herc
761 3150 901 3212 publica:
919 3152 960 3200 ior
972 3151 1090 3214 thought
1102 3149 1136 3200 ci.
1152 3150 1165 3212 ᾖ
1179 3150 1218 3201 28.
1232 3151 1271 3201 29.

227 3224 337 3275 called?
369 3227 404 3275 ef.
417 3227 584 3288 patetstr.
599 3227 638 3276 30.
674 3227 739 3288 qul·
793 3228 857 3289 §ss
893 3227 951 3277 'Phe
964 3228 1081 3290 thought
1094 3227 1129 3277 is:
1147 3226 1209 3277 Ido
1225 3232 1274 3276 not

227 3313 314 3350 cum:
338 3302 462 3351 forform
481 3303 515 3352 ef.
536 3303 604 3352 Mur.
628 3303 672 3351 22.
694 3305 738 3365 413
761 3304 810 3352 ask
830 3305 890 3353 that
908 3318 962 3367 you
980 3303 1077 3354 should
1100 3303 1184 3366 shape
1207 3317 1275 3367 your

227 3378 327 3440 gender
338 3379 424 3428 here?
762 3379 863 3429 verdict
875 3374 909 3443 bv
920 3381 993 3430 what
1006 3381 1019 3429 1
1032 3394 1078 3443 say
1090 3393 1119 3430 as
1135 3393 1152 3430 a
1168 3392 1233 3429 man
1246 3379 1275 3430 ol

259 3454 363 3512 18,19.
384 3455 450 3512 sim,
467 3455 677 3505 committam:
697 3457 739 3504 ior
762 3457 827 3520 high
864 3457 983 3519 position
1011 3457 1065 3506 aud
1099 3456 1274 3518 prominencc

228 3530 351 3580 nioodct.
367 3531 511 3592 disputem,
526 3533 539 3593 ᾖ
552 3534 590 3581 64.
607 3534 628 3581 1.
655 3544 738 3590 casu,
762 3531 944 3596 (arrotoriicti,
964 3532 981 3583 l.
1003 3531 1056 3596 35),
1076 3533 1125 3582 but
1143 3532 1157 3582 1
1174 3532 1209 3583 do
1225 3532 1274 3583 ask

228 3611 292 3656 cta:
306 3607 350 3657 ior
361 3608 477 3670 thought
489 3610 523 3657 cf.
539 3608 591 3657 ΙΙΙ.
606 3607 650 3656 29.
663 3610 702 3658 31.
761 3624 813 3672 you
824 3616 853 3658 to
865 3610 966 3659 ascribe
978 3623 1053 3659 some
1065 3609 1234 3673 importunos
1246 3613 1273 3660 to

260 3683 320 3745 §84-
334 3684 435 3733 21-25.
448 3685 532 3744 Quid
540 3687 738 3746 ergo,afavor-
761 3687 834 3735 what
847 3687 858 3735 1
871 3686 1002 3750 solemnly
1013 3685 1118 3736 declara
1130 3699 1159 3736 as
1176 3699 1193 3736 a
1209 3697 1274 3737 man

228 3760 264 3812 ite
276 3764 371 3826 wayof
383 3762 643 3826 introducinganew
652 3763 737 3827 point,
761 3763 789 3812 oi
800 3764 887 3813 honor
900 3762 1023 3826 (padari,
1037 3762 1055 3813 l.
1071 3761 1125 3828 36).
