2678 4260
516 265 711 330 excussus
732 263 784 329 rt.
1128 257 1186 328 isi
1206 261 1208 266 '

120 445 150 497 in
162 445 283 498 exercitu
293 445 392 510 fuerat,
405 445 545 511 plerosque
559 449 631 512 ipsos
658 448 731 510 tatis,
746 449 774 497 in
792 445 1013 498 confertissumos
1029 446 1117 497 hostis
1129 447 1168 497 in·

120 524 246 587 iactaque
257 537 350 573 eorum
366 524 448 574 fortia
458 530 582 574 noverat:
599 538 632 574 ea
657 524 741 574 currit
754 524 844 586 ibique
856 536 980 586 pugnans
992 524 1155 574 confoditur.

120 601 356 650 commemorando
381 600 499 650 militurn
526 602 631 650 animos
689 599 734 649 61.
752 600 803 650 Sed
827 600 952 651 coniecto
979 600 1082 663 proelio
1109 605 1169 650 turn

120 676 291 725 accendebat.
657 692 720 727 vero
753 690 884 738 cerneres,
921 682 1023 739 quanta
1055 677 1169 727 audacia

149 749 197 801 '60.
215 751 266 801 Sed
285 753 331 802 ubi
348 753 473 803 omnibus
490 754 569 803 rebus
586 767 630 802 ex·
656 757 810 816 quantaque
821 753 907 802 animi
918 754 959 803 vis
970 753 1066 802 fuisset
1078 754 1107 802 iu
1123 767 1168 803 ex·

120 828 231 892 ploratis
243 829 365 878 Petreius
377 830 443 879 tuba
454 830 561 892 signum
573 829 628 891 dat,
656 830 742 880 ercitu
754 829 896 880 Catilinae.
932 830 1003 879 Nam
1020 829 1198 893 ferequem2

119 904 238 954 cohortis
254 903 385 967 paulatim
404 906 527 955 incedere
544 906 630 969 iubet;
656 908 770 970 quisque
797 907 872 958 vivos
900 906 1046 969 pugnando
1079 905 1167 956 locum

120 980 191 1029 idem
224 980 290 1030 iacit
328 981 447 1030 hostium
486 982 627 1032 exercitus.
656 988 772 1046 ceperat,
781 983 880 1032 amissa
889 996 950 1032 eum
959 983 1167 1044 animacorpore

86 1057 267 1120 2Postquam
289 1071 322 1107 eo
344 1062 455 1107 venturu
484 1064 532 1119 est,
556 1059 630 1108 unde
657 1060 770 1123 tegebat.
806 1058 890 1108 Pauci
910 1063 1009 1119 autern,
1027 1072 1094 1122 quos
1114 1059 1199 1108 ure-3

119 1147 135 1181 a
169 1134 319 1184 ferentariis
341 1134 474 1196 proelium
497 1135 629 1183 committi
656 1136 715 1185 dios
738 1137 833 1186 cohors
858 1136 993 1198 praetoria
1017 1135 1165 1196 disiecerat,

118 1215 217 1272 posset,
253 1224 380 1260 maxumo
420 1211 536 1260 clamore
569 1225 630 1260 curu
656 1212 891 1274 paulodivorsius,
906 1212 952 1261 sed
965 1225 1058 1260 omnes
1075 1217 1167 1260 tamen

120 1287 226 1336 infestis
253 1287 337 1350 signis
365 1292 542 1337 concurrunt:
576 1287 631 1348 pila
657 1291 777 1341 advorsis
802 1291 957 1340 volneribus
984 1289 1165 1340 conciderant.

118 1364 258 1425 omittunt,
293 1363 389 1427 gladiis
433 1378 475 1414 res
518 1366 627 1428 geritur.
657 1367 776 1417 Catilina
796 1381 859 1417 vero
880 1366 959 1429 longe
981 1380 997 1415 a
1019 1366 1074 1415 suis
1098 1366 1198 1416 intere

86 1439 258 1502 3Veterani,
278 1440 412 1503 vpristinae
439 1442 547 1491 virtutis
576 1455 631 1490 me·
657 1445 778 1493 hostium
807 1444 937 1493 cadavera
966 1449 1085 1505 repertus
1116 1449 1165 1503 est,

118 1530 214 1579 mores,
233 1519 383 1578 comminus
405 1520 502 1568 acriter
520 1519 628 1581 instare,
657 1521 797 1583 paululum
809 1521 890 1570 etiam
905 1521 1010 1582 spirans
1027 1520 1167 1569 ferociam-

119 1593 158 1642 illi
175 1594 247 1643 lraud
266 1595 354 1645 timidi
373 1597 513 1645 resistunt:
537 1610 630 1644 maxu·
656 1612 708 1660 que
725 1599 818 1658 animi,
832 1612 913 1660 quarn
932 1597 1064 1646 habuerat
1081 1597 1165 1657 vivos,

85 1673 163 1718 4ma
180 1671 206 1719 vi
223 1677 348 1720 certatur.
385 1672 493 1721 Interea
511 1671 630 1721 Catilina
657 1675 685 1721 in
707 1673 783 1722 voltu
806 1674 932 1722 retinens.
971 1673 1111 1721 Postremo
1134 1673 1199 1720 exo

118 1763 180 1798 curn
198 1751 330 1812 expeditis
348 1752 375 1799 in
393 1752 481 1813 prima
498 1752 555 1801 acie
572 1765 630 1800 vor·
656 1751 731 1799 omni
743 1751 821 1813 copia
833 1765 920 1813 neque
930 1751 956 1799 in
970 1749 1071 1813 proelio
1081 1763 1167 1812 neque

118 1826 180 1887 sari,
200 1825 385 1876 laborantibus
408 1841 570 1889 succurrere,
590 1829 630 1877 in·
656 1827 684 1874 in
702 1827 767 1890 iuga
789 1827 933 1890 quisquam
950 1827 1016 1876 civis
1033 1826 1166 1888 ingenuus

118 1906 207 1964 tegros
219 1916 267 1964 pro
276 1904 373 1952 sauciis
386 1918 526 1965 arcessere,
538 1906 630 1954 omnia
656 1908 749 1964 captus
767 1909 819 1952 est:
840 1905 878 1952 ita
895 1904 985 1953 cuncti
1003 1916 1066 1952 suae
1084 1902 1167 1952 lrosti·
1183 1899 1198 1944 6

118 1978 266 2039 providere,
285 1979 402 2028 multum
423 1981 479 2042 ipse
499 1994 627 2042 pugnare,
656 1993 755 2042 umque
778 1980 851 2030 vitae
879 1981 955 2030 iuxta
982 1983 1164 2042 pepercerant.

118 2055 311 2115 saepehostem
319 2056 411 2105 ferire:
424 2058 526 2106 strenui
537 2057 629 2106 militis
657 2054 750 2118 Neque
783 2062 876 2107 tamen
910 2057 1043 2106 exercitus
1073 2051 1198 2118 populi‘l

118 2136 144 2179 et
161 2131 225 2181 boni
248 2131 416 2194 imperatoris
439 2132 528 2182 officia
550 2133 629 2182 simul
658 2131 772 2181 Romani
801 2131 900 2181 laetans
928 2137 976 2181 aut
999 2132 1168 2180 incruentam

85 2211 100 2256 5
118 2208 321 2269 exsequebatur.
358 2209 481 2258 Petreius
498 2209 544 2258 ubi
557 2209 630 2258 videt
657 2207 796 2256 victoriam
806 2209 919 2270 adeptus
929 2215 998 2256 erat:
1010 2221 1074 2256 nam
1083 2213 1168 2257 streu-

118 2282 273 2344 Catilinam‚
295 2291 389 2334 contra
411 2299 443 2334 ac
465 2289 539 2334 ratus
562 2290 627 2346 orat,
656 2283 792 2332 uissuruus
809 2285 921 2348 quisque
933 2290 981 2333 aut
993 2285 1127 2333 occiderat
1138 2283 1167 2332 in

97 2361 387 2422 ‘magnavitendera
401 2361 539 2411 cohortem
555 2375 630 2422 prae·
657 2360 758 2420 proelio
785 2366 833 2410 aut
866 2362 984 2424 graviter
1012 2359 1167 2410 volneratus

117 2436 214 2484 toriam
238 2436 265 2486 in
292 2436 395 2486 medios
417 2437 503 2486 hostis
526 2437 630 2486 inducit
656 2435 821 2486 discesserat.
857 2437 938 2486 Multi
961 2442 1061 2496 autem,
1082 2436 1128 2499 qui
1153 2437 1200 2484 e8

116 2525 215 2574 eosque
244 2514 414 2575 perturbatos
447 2520 529 2575 atque
563 2513 629 2562 alios
655 2513 750 2560 castris
761 2513 867 2562 visundi
879 2519 927 2561 aut
938 2511 1168 2575 spoliandigratia

116 2587 180 2637 alibi
203 2590 352 2639 resistentis
374 2589 513 2650 interficit,
532 2589 629 2639 deinde
655 2594 849 2649 processerant,
885 2589 1023 2638 volventes
1057 2587 1168 2638 hostilia

117 2665 251 2726 utrimque
269 2679 303 2714 ex
321 2665 448 2716 lateribus
465 2672 568 2714 ceteros
585 2679 629 2727 ag·
655 2664 786 2713 cadavera
798 2667 916 2714 amicum
928 2665 983 2726 alii,
998 2679 1059 2727 pars
1077 2664 1168 2727 hospi-

84 2740 244 2801 cgreditur.
280 2742 398 2791 Manlius
419 2747 446 2790 et
463 2741 629 2790 Faesulanus
656 2746 710 2789 tem
737 2747 785 2789 aut
812 2748 957 2804 cognatum
986 2741 1168 2804 reperiebant3

84 2818 98 2864 'i
116 2817 144 2864 in
157 2817 252 2877 primis
263 2825 415 2880 pugnantes
424 2818 535 2867 cadunt.
570 2816 629 2866 Cat·
655 2817 731 2867 iuere
743 2818 809 2867 item
825 2819 872 2881 qui
887 2819 1010 2868 inimicos
1028 2831 1090 2867 suos
1107 2831 1168 2880 cog-

115 2892 182 2941 ilina
194 2898 337 2955 postquam
349 2895 424 2944 fusas
438 2894 530 2956 copias
548 2907 629 2956 seque
655 2899 804 2943 noscerent.
842 2895 885 2943 lta
900 2895 972 2944 varie
993 2907 1040 2956 per
1058 2904 1199 2948 omnemu

115 2981 178 3017 cum
190 2969 282 3030 paucis
295 2969 417 3019 relictum
430 2970 511 3030 videt,
525 2983 629 3018 memor
655 2969 804 3019 exercitum
824 2969 928 3019 laetitia
945 2983 1057 3031 maeror,
1077 2969 1167 3020 luctus

59 3090 60 3093 ,
114 3045 220 3107 generis
231 3050 313 3109 atque
323 3046 455 3110 pristinae
466 3058 531 3098 suae
541 3046 629 3111 digni·
655 3051 736 3110 atque
746 3045 845 3111 gaudia
855 3045 1036 3110 agitabantur.
