2678 4260
173 254 238 318 612
436 265 507 313 rao
531 264 561 312 r.
587 262 707 311 numo
730 261 875 311 uruoau
898 260 1046 310 caurio.

188 456 203 500 a
227 440 333 514 timet,
350 459 402 512 ne,
420 456 496 499 eum
513 434 643 518 plebem
660 433 854 497 muneribus
871 434 1020 517 placarit,
1038 454 1098 498 vos
1115 454 1183 497 non
1200 454 1273 497 eon-

175 548 215 610 96
230 542 352 608 ciliarit
375 540 501 604 meritis
525 540 559 600 in
577 560 646 602 rem
662 537 830 622 publicam
846 536 1082 622 singularibus.
1130 537 1272 602 Senatus

228 668 306 733 erga
328 668 363 710 se
387 643 649 708 benivolentiam
672 641 878 726 temporibus
902 641 953 705 his
979 642 1059 726 ipsis
1080 663 1179 726 saepe
1203 663 1272 706 esse

227 760 443 836 perspectam,
462 755 589 812 vestras
613 768 693 811 vero
717 753 751 810 et
774 753 963 810 vestrorum
987 745 1143 810 ordinum
1164 767 1274 810 cocur-

227 856 383 929 sationes,
397 851 519 927 studia,
533 873 711 925 sermones,
726 872 972 934 quemcumque
986 872 1121 915 cursum
1139 850 1274 915 fortuna

229 958 368 1033 dederit,
400 979 434 1020 se
473 978 585 1020 secum
624 954 814 1019 ablaturum
854 977 925 1019 esse
964 955 1057 1020 dicit.
1119 955 1273 1031 Meminit

178 1077 204 1120 15
227 1061 328 1123 etiam
340 1057 402 1121 sibi
415 1078 529 1121 vocem
547 1057 718 1140 praeconis
734 1055 833 1119 modo
849 1055 1007 1130 defuisse,
1021 1079 1123 1140 quam
1140 1057 1271 1135 minimo

230 1158 435 1231 desiderarit,
453 1156 569 1241 populi
595 1178 673 1220 vero
697 1157 829 1220 cunctis
853 1155 1033 1242 suffragiis,
1055 1156 1147 1240 quod
1171 1178 1271 1220 unum

230 1264 382 1348 cupierit,
414 1284 448 1325 se
481 1261 652 1325 consulem
684 1259 1032 1335 declaratuu13'nu11c
1064 1260 1221 1345 denique,
1248 1263 1270 1327 si

230 1369 310 1431 haee
335 1376 450 1430 eontra
473 1387 507 1428 se
532 1366 600 1428 sint
623 1363 749 1441 futura,
774 1364 837 1429 sibi
860 1365 1018 1429 facinoris
1041 1367 1272 1448 suspicionem,

178 1477 218 1540 97
234 1492 299 1536 non
317 1469 398 1534 facti
415 1471 538 1533 crimen
564 1469 705 1534 obstare.
751 1469 860 1533 Addit
883 1471 974 1546 haec,
991 1491 1077 1553 quae
1093 1477 1184 1535 certe
1201 1491 1272 1537 vera

178 1595 207 1640 20
228 1584 318 1650 sunt,
343 1575 440 1638 fortis
467 1582 502 1638 et
528 1575 688 1657 sapientis
718 1576 806 1639 viros
830 1596 897 1638 non
920 1583 990 1639 tam
1013 1575 1160 1660 praemia
1183 1575 1273 1658 sequi

231 1681 337 1744 solere
361 1685 449 1742 reete
473 1677 639 1741 factorum
664 1700 765 1762 quam
789 1680 860 1763 ipsa
883 1687 971 1744 recte
997 1679 1106 1753 faeta3
1134 1701 1179 1759 se¹
1195 1679 1273 1743 nihil

232 1784 268 1847 in
296 1783 366 1846 vita
390 1781 454 1844 nisi
484 1781 743 1864 praeclarissime
772 1780 900 1858 fecisse,
930 1781 1097 1866 siquidem
1126 1783 1212 1846 nihil
1236 1783 1274 1848 sit

233 1887 467 1974 praestabilius
503 1887 575 1951 viro
617 1908 718 1970 quam
757 1888 912 1971 perieulis
949 1888 1090 1971 patriam
1131 1886 1276 1954 liberare¹

198 1984 200 1990 ’
234 1993 355 2057 Beatos
379 2012 461 2066 esse,
479 1991 602 2074 quibus
620 2011 659 2054 ea
682 2012 733 2054 res
758 1991 875 2054 honori
900 1991 1003 2055 fuerit
1019 2013 1037 2054 a
1053 1993 1123 2055 suis
1139 1990 1276 2065 civibus,

181 2114 210 2159 aa
233 2118 293 2160 nee
319 2104 428 2159 tamen
458 2116 512 2158 eos
538 2095 686 2169 miseros,
710 2095 770 2178 qui
793 2094 953 2158 beneficio
982 2096 1072 2158 cives
1095 2117 1174 2159 suos
1199 2096 1278 2159 vice

235 2201 312 2262 rint.
359 2197 425 2262 Sed
442 2204 552 2261 tamen
571 2219 612 2261 ex
634 2197 786 2261 omnibus
808 2199 966 2281 praemiis
985 2199 1133 2274 virtutis,
1150 2200 1179 2262 si
1196 2206 1280 2264 esset

235 2300 386 2366 habenda
402 2301 485 2363 ratio
501 2301 733 2384 praemiorum,
751 2302 993 2384 amplissimum
1010 2323 1081 2366 esse
1098 2303 1280 2386 praemium

233 2406 394 2492 gloriarm
419 2425 489 2467 esse
507 2404 592 2467 hano
610 2424 721 2479 unam,
740 2425 824 2487 quae
849 2404 1047 2469 brevitatem
1070 2407 1160 2471 vitae
1178 2414 1282 2490 poste

239 2510 347 2572 ritatis
364 2508 521 2571 memoria
537 2507 774 2582 consolaretur,
794 2529 880 2591 quae
902 2507 1057 2584 efficeret,
1075 2517 1115 2572 ut
1130 2508 1282 2574 absentes

185 2632 215 2677 30
237 2614 438 2687 adessemus,
452 2611 576 2674 mortui
590 2611 787 2676 viveremus.
823 2611 920 2676 Hanc
933 2612 1078 2696 denique
1091 2634 1175 2689 esse,
1189 2614 1281 2678 ouius

238 2716 397 2804 gradibus
411 2716 511 2779 etiam
527 2715 561 2776 in
573 2715 704 2778 eaelum
720 2715 870 2780 homines
888 2715 1085 2780 viderentur
1096 2716 1281 2782 ascendere.

186 2820 313 2887 ea‘De
345 2817 417 2891 me,’
446 2819 568 2902 inquit,
598 2827 747 2902 ‘semper
774 2820 920 2903 populus
950 2821 1131 2894 Romanus,
1155 2841 1283 2906 semper

241 2945 354 2986 omnes
385 2929 502 3008 gentes
540 2923 731 3005 loquentur,
762 2923 857 2987 nulla
887 2946 1047 3008 umquam
1079 2924 1284 2990 obmutescet

241 3034 402 3092 vetustas
450 3024 542 3103 Quin
566 3025 627 3089 hoc
652 3032 800 3109 tempore
825 3028 1001 3110 ips0,eu1n
1026 3049 1139 3092 onmes
1163 3051 1183 3092 a
1207 3030 1282 3094 meis

188 3131 384 3196 etinimicis
408 3129 497 3192 faces
523 3127 671 3192 invidiae
698 3150 789 3194 meae
816 3131 1035 3207 subiciantur,
1060 3139 1174 3197 tamen
1198 3133 1283 3200 omui

241 3333 320 3390 spent
348 3326 424 3374 three
452 3325 753 3375 fortunas-inherited
776 3328 868 3378 before
890 3330 937 3378 the
960 3330 1054 3393 voting
1077 3343 1132 3379 was
1161 3331 1283 3381 tinished:

242 3404 311 3452 from
351 3403 394 3450 his
434 3401 532 3462 father,
567 3402 752 3464 grandfather,
777 3406 909 3466 sceon§§
923 3407 960 3454 25.
974 3406 1022 3471 353
1040 3407 1079 3454 24.
1096 3406 1133 3455 19.

243 3481 296 3530 and
335 3480 531 3529 mother-on
571 3494 662 3543 games
700 3481 754 3529 and
809 3479 873 3537 §aa
893 3480 994 3530 21-30.
1011 3485 1098 3531 reete
1115 3482 1284 3534 factorum:

243 3558 340 3608 shows.
777 3558 820 3605 for
832 3558 878 3605 the
890 3558 989 3606 adverb
998 3558 1031 3606 cf.
1043 3558 1093 3620 Ep.
1104 3558 1185 3610 XVI.
1199 3560 1225 3609 9.
1233 3561 1282 3609 116.

276 3633 289 3690 ἑ
301 3635 339 3684 96.
366 3633 413 3681 1⁵.
438 3646 551 3682 vocem
573 3634 754 3694 praeconia:
777 3632 922 3681 habenda
932 3633 1020 3690 ratio,
1034 3634 1165 3685 ‘account
1177 3637 1285 3686 mnstba

245 3725 288 3761 see
300 3724 336 3760 on
348 3710 418 3760 Mur.
438 3711 463 3758 1.
475 3711 499 3760 3.
536 3711 569 3759 In
587 3710 679 3759 Milo’s
696 3724 755 3758 caso
778 3710 880 3758 taken’
922 3710 1069 3759 absentes
1094 3746 1100 3757 .
1124 3714 1285 3763 ..vivere

245 3788 294 3838 the
304 3786 418 3837 electiou
430 3786 483 3836 had
503 3786 569 3837 been
589 3786 755 3850 interrupted
779 3798 860 3834 mus:
880 3788 952 3836 what
964 3787 1069 3851 figure?
