2678 4260
494 283 573 339 cnr.
600 285 686 352 ran,
712 285 725 352 i
747 283 834 341 asir.
1175 270 1240 344 315

140 479 209 525 non
227 459 420 545 Torquatus
437 482 547 545 neque
572 461 736 546 Torquati
765 461 931 544 quispiam
955 460 1073 525 similis
1093 463 1187 546 (nam
1211 479 1239 525 15

117 548 176 628 ¹id
214 586 266 629 me
297 566 442 629 multum
481 565 635 649 fefellit),
666 565 726 629 sed
765 573 804 628 ut
834 565 956 649 aliquis
994 566 1186 650 patrimonii

141 668 336 755 naufragus,
366 670 523 734 iuimicus
556 670 626 747 otii,
659 669 820 734 bonorum
848 669 954 734 hostis
983 671 1081 736 aliter
1103 670 1187 735 indi·

141 779 215 836 cata
237 773 318 838 haec
342 795 413 838 esse
444 774 580 849 diceret,
613 796 680 859 quo
712 773 845 838 facilius
878 781 981 839 vento
1011 775 1126 859 aliquo
1149 777 1185 840 iu

140 877 305 960 optimum
323 899 491 962 quemque
508 880 655 943 excitato
670 887 785 964 posset
800 880 835 941 in
852 879 947 943 malis
964 881 1011 944 rei
1028 878 1183 964 publicae

139 988 272 1065 portum
311 983 459 1066 aliquem
490 1004 628 1046 suorum
660 985 822 1048 malorum
857 983 1018 1048 invenire.
1065 982 1187 1068 Itaque
1208 997 1239 1042 ao

139 1086 341 1152 introductis
369 1089 404 1151 in
431 1096 585 1154 senatum
614 1089 780 1154 indicibus
810 1090 973 1154 constitui
1002 1096 1182 1165 senatores

139 1193 199 1276 qui
229 1193 338 1257 omnia
368 1193 518 1257 indicum
548 1193 648 1269 diota,
680 1196 895 1281 interrogata,
927 1215 1086 1279 responsa
1112 1215 1183 1278 per·
1281 1185 1287 1197 ’

138 1296 331 1363 scriberent.
377 1297 427 1362 At
442 1319 527 1382 quos
543 1296 651 1362 viros!
676 1319 742 1362 non
768 1299 878 1361 solum
900 1319 1031 1362 summa
1055 1299 1181 1362 virtute
1196 1300 1237 1362 42

138 1407 172 1465 et
189 1400 263 1476 fide,
287 1402 383 1466 cuius
407 1402 539 1488 generis
563 1411 635 1466 erat
657 1403 692 1465 in
715 1412 835 1466 senatu
859 1402 1003 1466 facultas
1026 1403 1183 1477 maxima,
1240 1441 1242 1443 ·

138 1504 197 1569 sed
227 1506 328 1569 etiam
361 1527 445 1590 quos
472 1505 615 1570 sciebam
641 1507 808 1581 me‘moria,
834 1507 986 1583 scientia,
1014 1508 1185 1572 celeritate
1207 1522 1237 1567 25

137 1607 304 1673 scribendi
334 1608 505 1687 facillime,
537 1633 623 1696 quae
655 1611 855 1687 dicerentur,
887 1613 1043 1696 persequi
1074 1633 1181 1696 posse,

139 1711 176 1776 O.
194 1710 406 1790 Cosconium,
423 1715 570 1799 quitum
588 1723 659 1779 erat
678 1722 820 1799 praetor,
839 1715 886 1778 M.
905 1715 1107 1792 Messallam,
1124 1716 1183 1800 qui

138 1823 211 1880 tum
226 1826 415 1902 praeturam
431 1804 576 1905 petebat,
601 1819 640 1881 P.
665 1819 850 1904 Nigidium,
875 1820 964 1904 App.
990 1819 1181 1884 Claudium.

138 1918 246 1985 Credo
280 1943 352 1987 esse
390 1923 568 1999 neminem,
608 1923 667 2007 qui
706 1922 758 1986 his
797 1923 987 1988 hominibus
1025 1924 1068 1988 ad
1106 1946 1183 1989 vere

137 2023 349 2091 referendum
378 2034 439 2090 aut
471 2026 571 2090 fidem
601 2033 700 2111 putet
729 2035 789 2090 aut
818 2029 993 2113 ingenium
1024 2027 1182 2094 defuisse.
1207 2047 1237 2094 ao

166 2300 212 2359 1⁵,
228 2300 275 2351 16.
295 2313 366 2350 uam
383 2335 389 2349 .
406 2336 412 2348 .
430 2336 435 2349 .
453 2299 571 2356 fefellit.
591 2301 648 2350 ‘ior
672 2316 779 2364 express
796 2303 914 2365 passion.
950 2301 1092 2359 facultas,
1113 2304 1182 2353 asin

136 2379 200 2428 such
228 2392 245 2427 a
272 2392 332 2427 case
355 2392 410 2427 was
439 2377 481 2426 iar
503 2377 574 2426 from
603 2393 646 2440 my
671 2376 746 2427 Caes.
762 2378 783 2427 1.
802 2376 847 2427 38.
867 2379 894 2441 3;
913 2378 965 2426 lll.
987 2377 1012 2426 9.
1030 2380 1053 2427 6.
1091 2378 1184 2429 celcri-

136 2454 293 2518 thoughts2’
313 2454 356 2504 tor
365 2452 470 2515 fefellit
481 2454 515 2503 ci.
532 2455 552 2503 Ι.
568 2453 592 2501 7.
607 2456 643 2504 12.
670 2456 727 2502 tate
745 2454 888 2514 scribendi,
902 2469 918 2503 a
936 2455 1072 2504 reference
1089 2460 1119 2504 to
1135 2456 1183 2505 the

135 2534 182 2579 ut:
211 2532 255 2581 ior
283 2531 318 2581 its
349 2530 493 2594 repetition
527 2532 562 2580 cf.
591 2531 643 2580 Ill.
670 2531 785 2591 practice
819 2531 848 2579 oi
878 2530 1040 2580 short-hand
1075 2532 1183 2595 writing

133 2608 159 2656 4.
171 2608 211 2658 23.
429 2625 431 2629 ·
670 2607 757 2655 ulrich
768 2621 822 2656 was
832 2607 934 2670 rapidly
944 2609 1052 2671 coming
1064 2609 1122 2657 into
1134 2623 1181 2658 use

166 2685 267 2734 17-21.
284 2685 458 2746 naufragus,
481 2684 588 2748 applied
616 2689 644 2733 to
668 2683 696 2731 in
710 2683 828 2733 Cicero’s
840 2685 912 2734 time.
944 2683 974 2732 c.
985 2684 1180 2741 Cosconium,

135 2761 277 2811 Catiliua’s
308 2762 443 2812 followers
471 2762 499 2810 iu
529 2761 565 2809 11.
595 2759 640 2808 24.
667 2773 799 2822 governor
816 2760 845 2810 of
864 2761 981 2810 Further
997 2761 1080 2823 Spain
1098 2761 1179 2823 inca,

135 2839 149 2890 7
170 2839 224 2888 and
247 2838 270 2888 Ι.
295 2837 340 2887 30.
364 2837 407 2889 27:
431 2838 478 2888 the
503 2836 644 2899 ruetaplror
668 2836 728 2885 died
741 2836 769 2885 in
787 2837 826 2886 59.
861 2836 903 2885 M.
916 2836 1105 2894 Messallam,
1118 2851 1182 2886 con·

135 2916 156 2965 is
189 2916 337 2966 continued
370 2916 398 2965 in
429 2917 507 2966 vento
538 2914 581 2964 ior
604 2915 644 2963 in·
668 2911 709 2961 sul
727 2912 755 2960 in
773 2912 813 2974 53,
826 2918 875 2962 not
892 2913 937 2960 the
954 2926 1006 2961 one
1023 2912 1179 2962 mentioned

134 2992 208 3041 vidia
231 2992 285 3042 and
310 2994 421 3054 portam
447 2991 490 3040 for
517 2989 641 3039 salutem.
668 2987 696 3036 in
719 2988 733 3048 ξ
755 2989 795 3037 20.
820 2988 850 3036 31
880 3001 910 3036 as
939 2991 1047 3049 present
1075 2991 1104 3036 at
1132 2987 1179 3036 the

135 3067 239 3118 aliter:
267 3083 303 3120 sc.
330 3071 413 3130 atque
436 3069 542 3130 scripta
569 3069 640 3116 aaut.
668 3064 736 3114 trial.

134 3147 330 3205 portum...
351 3143 510 3200 malorum,
538 3141 641 3190 ‘haven
699 3141 744 3190 28.
769 3142 802 3189 P.
827 3139 986 3202 Nigidium
1018 3137 1176 3202 (Figulum),

136 3221 175 3281 (oi
186 3219 285 3283 safety)
298 3219 368 3269 irom
378 3221 421 3270 his
431 3234 490 3270 own
502 3217 640 3268 troubles)
667 3231 683 3265 a
700 3223 775 3279 great
794 3216 905 3266 student
924 3214 978 3264 and
997 3216 1088 3264 writer
1104 3229 1178 3277 upon

133 3296 306 3346 indicibus:
324 3311 367 3347 sec
384 3296 438 3347 ΙΙΙ.
459 3296 535 3347 9.11.
571 3306 643 3343 con·
667 3293 837 3355 philosophy,
879 3291 932 3340 and
979 3305 1014 3339 an
1052 3290 1178 3340 intimata

133 3374 223 3423 stitui
251 3377 420 3430 senatores,
443 3373 473 3422 ‘1
495 3371 641 3434 appointed
667 3370 755 3419 friend
779 3369 808 3418 oi
830 3368 931 3427 cicero,
956 3372 1063 3429 praetor
1086 3368 1113 3416 in
1136 3368 1176 3428 58,

134 3450 273 3512 senators‚’
297 3449 403 3499 instead
426 3449 455 3498 oi
477 3449 523 3497 the
545 3446 642 3497 official
667 3446 727 3495 died
747 3446 774 3494 in
795 3445 863 3494 exile
882 3445 908 3492 in
929 3445 969 3506 44,
983 3444 1084 3507 having
1103 3443 1177 3493 sided

134 3526 240 3585 scribes,
265 3527 308 3576 ior
335 3539 487 3575 reasons
509 3523 643 3586 presently
668 3523 733 3572 nith
751 3522 895 3584 Pompeius
915 3522 941 3569 in
966 3521 1013 3570 the
1031 3519 1092 3569 civil
1113 3534 1174 3569 war.

133 3603 220 3665 given.
667 3599 806 3662 Appium
840 3596 1011 3655 Claudium,
1040 3612 1075 3646 an
1105 3595 1179 3645 elder

165 3679 229 3742 §ia
248 3676 349 3727 23-27.
367 3679 413 3726 At
435 3689 515 3739 quos
543 3676 642 3725 viros:
668 3677 775 3725 brother
783 3676 813 3725 oi
824 3675 870 3723 the
882 3673 1046 3736 deuragogue
1056 3673 1174 3723 Clodius.

134 3755 177 3811 ior
193 3769 252 3805 case
274 3754 309 3804 ci.
334 3754 371 3803 11.
398 3754 423 3802 7.
447 3755 474 3815 9;
499 3753 545 3802 the
568 3755 598 3802 at
620 3753 642 3802 is
698 3750 744 3800 30.
764 3752 867 3813 putet:
885 3751 928 3800 for
943 3750 1062 3812 position
1081 3762 1125 3800 sce
1140 3762 1177 3802 οη

134 3829 199 3882 used
216 3831 245 3881 iu
272 3829 370 3897 abrupt
397 3828 591 3881 exclamatione
612 3833 642 3879 to
666 3828 747 3880 vestri
759 3826 856 3892 §aaa
