2678 4260
439 266 520 321 cle.
543 267 630 332 aas,
656 265 670 332 s
694 265 780 322 ura
1112 251 1173 323 341

76 441 196 511 civitas
213 447 346 528 posset3
371 464 480 526 neque
497 440 585 505 enirn
602 449 653 507 est
666 442 853 526 quisquam,
868 444 925 528 qui
942 442 1123 509 arbitretur

76 551 144 614 illis
166 549 306 612 inclusis
330 549 364 610 in
388 570 423 612 re
446 545 580 631 publica
602 547 752 631 pestibus
775 547 902 612 diutius
928 548 1007 613 haec
1034 556 1121 615 stare

75 655 236 738 potuisse.
283 653 402 736 ltaque
426 673 481 714 eos
506 672 571 712 non
596 651 636 714 ad
661 651 903 735 perficiendum
925 653 1044 731 sceluS,
1061 652 1121 719 sed

75 758 117 822 ad
148 756 289 822 luendas
313 757 360 820 rei
392 755 544 840 publicae
576 777 697 840 poenas
730 755 850 821 Furiae
882 757 1047 842 quaedam
1076 759 1124 821 in·
1145 779 1175 823 35

75 862 275 926 citaverunt.
322 876 458 922 XXVIII.
491 859 531 921 In
548 858 637 923 hunc
661 861 766 945 igitur
788 882 924 948 gregem
949 884 1008 929 vos
1031 885 1121 928 nunc
1135 869 1174 931 77

75 966 114 1028 Ρ.
144 965 283 1041 Sullam,
312 963 450 1038 iudices
479 985 520 1027 cx
547 962 609 1040 his,
635 965 693 1049 qni
722 987 798 1028 cum
823 965 884 1029 hoc
913 967 1035 1032 vivunt
1060 976 1121 1032 aut

75 1071 246 1146 vixerunt,
263 1068 576 1132 honestissimorum
593 1067 766 1133 homiuum
782 1071 940 1156 gregibus
965 1072 1117 1148 reicietis,

74 1197 115 1238 ex
133 1174 195 1238 hoc
212 1173 394 1237 amicorum
410 1193 558 1247 numero,
576 1194 618 1236 ex
636 1172 696 1237 hac
717 1174 931 1238 familiarium
955 1175 1119 1262 dignitate

74 1281 108 1342 in
125 1279 304 1363 impiorum
321 1284 449 1362 partem
466 1283 567 1361 atque
585 1277 618 1339 in
635 1278 875 1362 parricidarum
890 1279 1002 1344 sedem
1018 1288 1120 1365 atque
1157 1297 1173 1342 a

74 1405 251 1448 numerum
284 1380 519 1447 transferatis?
565 1380 633 1445 Ubi
663 1383 727 1446 orit
758 1384 861 1468 igitur
891 1383 975 1447 illud
1007 1385 1120 1449 firmis-

72 1489 195 1553 simum
211 1486 413 1572 praesidium
430 1485 577 1570 pudoris,
596 1507 662 1570 quo
678 1487 712 1549 in
734 1488 806 1551 loco
830 1488 924 1552 nobis
950 1490 1018 1552 vita
1040 1497 1119 1554 ante

73 1600 148 1656 acta
178 1590 337 1676 proderit,
366 1588 457 1674 quod
487 1589 528 1653 ad
559 1597 691 1674 tempus
720 1593 977 1656 existimationis
1004 1601 1118 1677 partae

72 1696 206 1761 fructus
225 1693 458 1770 reservabitur,
475 1695 503 1757 si
526 1694 559 1756 in
584 1702 733 1759 extremo
755 1696 943 1760 discrimine
967 1718 1003 1760 ac
1027 1697 1120 1760 dimi·

73 1802 204 1865 catione
228 1799 383 1863 fortunae
407 1797 547 1874 deseret,
564 1799 592 1862 si
621 1820 687 1862 non
716 1799 832 1876 aderit,
860 1802 887 1864 si
916 1801 998 1863 nihil
1029 1800 1121 1866 adiu·
1145 1818 1173 1864 10

74 1904 194 1970 vabit?
1009 1983 1011 1987 .

118 2008 341 2088 Quaestiones
369 2006 463 2071 nobis
491 2028 663 2072 servorum
690 2017 862 2075 accusator
892 2019 927 2075 et
958 2018 1123 2076 tormenta
1133 2017 1172 2079 78

73 2115 259 2178 minitatur.
306 2113 347 2175 ln
370 2111 492 2197 quibus
517 2133 720 2197 quamquam
743 2114 826 2176 nihil
851 2117 990 2200 periculi
1014 2117 1120 2201 suspi-

72 2240 196 2295 camur,
213 2225 325 2282 tamen
350 2217 408 2280 illa
431 2224 596 2281 tormenta
618 2217 783 2303 gubernat
805 2219 908 2296 dolor,
926 2220 1117 2285 moderatur

104 2431 206 2480 33-35,
240 2431 390 2494 pestibus,
422 2429 498 2478 ‘that
530 2430 588 2491 poi·
611 2429 643 2478 in
671 2430 751 2488 loco,
782 2431 833 2481 ‘on
863 2433 936 2481 what
966 2433 1118 2482 occasion:’

72 2509 148 2560 son:’
168 2509 245 2559 so·in
264 2509 301 2557 ΙΙ.
317 2508 341 2556 2.
354 2509 397 2568 25ς
421 2507 481 2568 why
500 2505 586 2568 plural
612 2507 688 2556 locus
700 2509 722 2556 is
734 2508 809 2557 often
821 2508 886 2557 used
896 2509 925 2556 oi
938 2509 1010 2558 tirne.
1030 2508 1121 2558 nihil:

71 2586 158 2635 here?
181 2584 266 2641 haec,
275 2585 339 2633 asin
349 2585 409 2646 §32
420 2584 443 2632 3.
468 2583 586 2640 Furiae,
613 2584 684 2633 what
696 2584 761 2633 kind
775 2585 804 2633 oi
821 2599 855 2633 an
869 2587 1043 2635 accusative?

71 2663 167 2712 deities
186 2661 302 2724 charged
323 2661 389 2710 with
410 2660 457 2709 the
475 2659 586 2721 punish·
643 2661 705 2722 §vs
724 2660 824 2717 12,13.
842 2661 1121 2720 Quaestionesser-

72 2744 148 2788 ment
165 2738 195 2787 oi
214 2737 351 2787 criminals
374 2736 427 2785 and
451 2735 516 2784 with
541 2737 586 2784 the
611 2748 766 2784 vorum..
785 2740 971 2793 .tormenta‚
994 2739 1055 2788 ‘the
1075 2753 1120 2788 ex·

72 2815 214 2864 execution
236 2814 266 2863 of
282 2814 329 2862 the
346 2813 452 2862 decrees
472 2813 501 2860 oi
520 2812 583 2860 iate.
611 2813 759 2862 amication
773 2815 802 2863 ot
812 2829 862 2864 our
874 2814 1055 2863 slavesuuder
1068 2819 1120 2863 tor·

72 2891 148 2953 They
178 2905 223 2940 are
254 2891 330 2939 often
358 2889 526 2951 represented
557 2903 586 2937 as
611 2889 794 2950 ture,'akind
807 2891 835 2939 cf
846 2890 1005 2952 hendiadyS,
1016 2889 1120 2953 though

72 2967 180 3030 driving
197 2981 260 3016 men
279 2967 348 3014 from
366 2966 448 3014 crime
462 2969 491 3012 to
505 2965 585 3013 crime
611 2967 657 3014 the
675 2966 746 3015 word
766 2968 890 3027 quaestio
910 2966 988 3015 when
1008 2966 1073 3016 used
1091 2966 1121 3015 oi

72 3050 101 3094 to
119 3045 167 3093 the
185 3043 248 3092 final
268 3041 445 3104 catastrophe.
610 3041 696 3091 slaves
710 3042 814 3105 ,always
834 3043 939 3104 implics
960 3048 1069 3103 turture,
1091 3057 1120 3093 as

610 3118 681 3167 their
701 3119 827 3168 evidence
846 3134 899 3168 was
920 3119 1019 3182 always
1037 3120 1119 3169 taken

104 3196 169 3259 §u
189 3196 270 3245 1-10.
300 3194 389 3252 huno,
420 3193 475 3250 his,
510 3193 584 3242 hoc:
610 3208 682 3256 upon
696 3195 741 3244 the
754 3197 824 3245 rack.
862 3196 892 3244 ln
908 3197 1034 3258 ordinary
1046 3210 1119 3246 cases

72 3279 137 3324 note
149 3274 196 3322 the
215 3273 359 3334 repetition
372 3271 438 3320 with
459 3271 585 3319 different
610 3271 695 3320 slaves
713 3271 791 3321 could
811 3273 843 3321 be
861 3273 1004 3321 exainined
1016 3272 1079 3335 only
1091 3273 1119 3321 in

72 3352 159 3401 words
182 3349 235 3399 and
258 3349 385 3398 different
408 3362 488 3396 cases¹
524 3346 584 3396 hoc
611 3347 701 3396 behali
723 3347 752 3396 of
774 3348 844 3396 their
867 3353 992 3409 rnasters3
1012 3349 1054 3397 tor
1073 3349 1121 3397 the

71 3428 243 3476 amicorum
263 3437 407 3473 numero:
430 3425 473 3473 for
490 3425 585 3473 iorum
610 3425 749 3486 exception
769 3424 832 3473 here
855 3439 898 3474 see
917 3439 952 3473 on
972 3425 1064 3473 'l‘irnu
1084 3424 1120 3475 ad

72 3506 223 3553 amicorum
242 3515 412 3564 numerurm
433 3500 530 3550 almost
546 3501 586 3549 in·
610 3502 721 3550 iudices.
756 3501 930 3549 minitatur:
944 3501 1121 3564 indirectop

71 3580 191 3631 variablc
206 3580 372 3642 attracti0n3
392 3579 426 3628 ci.
445 3580 473 3628 iu
490 3592 520 3628 eo
537 3593 585 3627 uu-
610 3578 726 3640 position
746 3582 774 3627 to
792 3592 841 3626 our
858 3584 961 3627 custorn
980 3579 1026 3627 the
1043 3592 1121 3640 argu·

71 3672 145 3707 mero
165 3657 209 3707 for
226 3657 255 3705 ia
274 3670 364 3705 eorum
382 3670 493 3705 nutriero
512 3656 525 3717 ᾖ
543 3656 582 3705 39.
609 3658 697 3704 ments
721 3654 750 3704 oi
777 3653 886 3704 counsel
916 3654 1045 3716 preceded
1073 3656 1120 3704 the

71 3737 111 3785 46.
136 3733 362 3797 parricidarum
374 3733 489 3788 sedem,
498 3733 525 3780 in
538 3734 584 3782 the
609 3732 703 3794 taking
714 3731 743 3779 oi
760 3731 894 3780 evidence.

71 3813 151 3863 other
162 3809 258 3862 world:
276 3810 309 3858 ci.
322 3809 344 3859 I.
358 3808 403 3857 33.
412 3810 452 3872 37,
462 3808 501 3858 38.
522 3821 583 3872 quo
640 3807 685 3856 14.
713 3807 871 3870 gubernat,
890 3811 955 3858 etc:
977 3809 1024 3858 the
1043 3807 1121 3862 verbs
