2678 4260
448 279 527 342 cle.
552 279 608 354 rs,
633 292 647 355 ι
669 290 741 343 an.
1088 264 1152 376 '151‘

56 457 201 527 inimicis
218 464 287 528 tuis
304 473 451 548 pateant,
465 474 594 530 nostros
612 468 711 532 etiam
727 469 841 533 amicis
858 476 956 553 putes
973 469 1104 533 clausos

56 588 129 631 esse
152 574 318 652 oportere.
365 569 511 647 Etenim,
536 568 565 634 si
588 593 640 634 me
666 582 724 635 tua
752 571 959 637 familiaritas
976 572 1017 636 ab
1040 573 1100 636 hac
1119 576 1157 637 10

57 692 157 736 causa
168 673 376 750 removisset,
389 681 425 739 et
439 675 468 738 si
482 674 542 739 hoc
555 674 643 740 idem
655 674 695 755 Q.
711 675 900 753 Hortensio,
914 677 961 741 Μ.
974 677 1103 753 Crasso,

56 774 249 841 clarissimis
280 777 371 854 viris,
399 778 427 842 si
459 779 538 844 item
573 781 701 857 ceteris,
733 801 753 843 a
783 780 906 865 quibus
945 781 1105 867 intellego
1128 796 1157 840 so

57 887 151 943 tuam
182 882 323 968 gratiam
344 885 463 972 ‘magni
489 884 668 960 aestimari,
694 884 880 961 accidisset,
905 886 938 948 in
965 908 1003 950 ea
1028 886 1105 949 civi-

55 992 126 1049 tate
146 986 264 1050 consul
280 985 475 1073 designatus
492 985 702 1052 defensorem
725 1009 792 1053 non
815 988 961 1066 haberet,
978 991 1013 1052 in
1037 1011 1104 1074 qua

56 1089 185 1154 nemini
201 1111 360 1176 umquam
376 1090 491 1155 infimo
511 1092 650 1156 maiores
667 1094 771 1160 nostri
795 1100 972 1178 patronum
989 1094 1103 1158 deesse

56 1194 249 1259 voluerunt.
310 1194 385 1282 Ego
408 1216 497 1273 vero,
523 1194 660 1271 iudices,
690 1197 759 1280 ipse
791 1218 843 1262 me
876 1197 1103 1262 existimarem

56 1297 234 1376 nefarium,
257 1299 286 1364 si
308 1299 426 1377 amice,
451 1298 630 1376 crudelem,
654 1301 682 1364 si
707 1301 836 1378 misere,
861 1301 1051 1387 superbum,
1074 1303 1103 1366 si
1126 1316 1155 1362 ss

55 1403 187 1467 consuli
204 1402 398 1469 defuissem.
444 1402 567 1482 Quare,
585 1404 675 1488 quod
693 1403 842 1468 dandum
858 1413 910 1469 est
928 1406 1102 1481 amicitiae,

55 1507 148 1594 large
173 1506 309 1573 dabitur
334 1528 354 1572 a
379 1530 442 1585 me,
468 1517 508 1572 ut
530 1516 642 1574 tecum
665 1529 771 1594 agam,
789 1507 894 1586 Servi,
917 1531 983 1575 non
1007 1531 1103 1574 secus

11 1628 14 1634 ⁴
55 1633 93 1675 ac
119 1612 148 1675 si
173 1632 267 1676 meus
294 1619 385 1678 esset
405 1611 605 1697 frater,'qui
630 1612 711 1675 mihi
738 1620 790 1678 est
816 1614 1016 1689 carissimus,
1039 1614 1104 1677 isto

56 1717 90 1779 in
107 1715 200 1793 loco;
231 1717 323 1802 quod
354 1715 569 1782 tribuendum
597 1725 650 1782 est
678 1716 796 1793 officio,
822 1716 910 1794 fidei,
938 1718 1103 1804 religioni,

55 1820 90 1883 id
115 1822 164 1884 ita
188 1820 392 1899 moderabor,
409 1829 450 1887 ut
475 1821 681 1887 meminerim
709 1843 761 1886 me
788 1828 904 1887 contra
923 1822 1020 1886 amici
1036 1829 1105 1886 stu·
1125 1836 1156 1883 40

55 1923 149 1988 dium
166 1947 227 2010 pro
242 1927 340 1990 amici
357 1925 507 2011 periculo
523 1924 645 1990 dicere.

99 2047 135 2092 v.
162 2029 339 2117 Intellego,
362 2029 501 2107 iudices
525 2030 586 2095 tris
616 2031 721 2111 totius
751 2032 972 2101 accusationis
995 2030 1099 2116 partis
1116 2032 1152 2094 11

55 2131 172 2207 fuisse,
190 2141 226 2197 et
246 2154 361 2198 earum
382 2154 484 2198 unam
508 2133 543 2196 in
568 2133 823 2218 reprehensione
848 2136 948 2211 vitae,
964 2133 1103 2199 alteram

56 2239 89 2299 iu
105 2238 323 2303 contentione
335 2237 522 2325 dignitatis
539 2239 674 2303 tertiam
690 2240 724 2302 in
745 2240 940 2305 criminibus
956 2238 1102 2304 ambitus

54 2363 126 2405 esse
160 2349 333 2406 versatam.
394 2343 511 2427 Atque
541 2341 659 2406 harum
689 2344 793 2408 trium
823 2345 970 2429 partium
997 2345 1103 2429 prima

55 2445 123 2522 illa,
154 2467 240 2531 quae
264 2447 461 2533 gravissima
487 2445 630 2512 debebat
655 2468 737 2525 esse,
754 2448 802 2514 ita
824 2447 894 2513 fuit
915 2448 1046 2512 infirma
1069 2455 1103 2512 et
1124 2463 1139 2508 s

54 2549 151 2626 levis,
175 2558 216 2614 ut
240 2550 314 2615 illos
345 2551 401 2616 lex
432 2552 538 2639 magis
554 2569 560 2580 ·
575 2552 739 2636 quaedam
772 2553 977 2618 accusatoria
1002 2574 1103 2637 quam

54 2761 156 2812 mlssed
183 2761 218 2824 by
240 2760 287 2810 the
313 2761 450 2827 presldlng
476 2761 566 2826 J'udge,
622 2761 775 2825 Restitutio,
793 2762 820 2823 §t
838 2762 923 2814 11-83.
967 2763 997 2825 ἐξ
1016 2763 1100 2812 11-14.

54 2839 147 2900 owing
158 2843 186 2888 to
197 2851 272 2887 some
282 2837 373 2887 defert
388 2839 417 2888 ln
434 2839 481 2888 the
498 2838 567 2887 form
590 2838 661 2889 First
682 2846 743 2903 part
765 2841 795 2890 of
823 2840 938 2890 Cicero’s
967 2840 1050 2903 reply‚
1075 2841 1102 2889 ln

54 2916 85 2964 ol
109 2915 157 2964 the
178 2926 287 2978 papers3
312 2928 398 2965 causa
421 2916 443 2965 is
464 2914 516 2964 abl.
540 2914 570 2964 of
590 2916 679 2966 which
702 2917 736 2966 lie
760 2930 878 2966 answers
901 2916 993 2966 Cato’s
1015 2914 1104 2966 reflec-

55 2991 220 3054 separation.
591 2994 662 3041 tiens
679 3006 714 3040 on
732 2993 870 3042 Murena's
887 2999 947 3056 past
964 2993 1018 3042 life.
1053 2992 1103 3043 See

87 3067 101 3126 ς
115 3067 155 3118 10.
174 3064 276 3116 29-31.
294 3066 472 3125 Hortensio,
482 3066 568 3116 Cras·
590 3073 654 3118 note
665 3082 700 3118 on
716 3068 792 3119 Title.

54 3157 107 3194 so:
124 3158 150 3207 p.
161 3143 201 3204 33,
212 3141 224 3200 t
237 3144 269 3192 to
280 3142 313 3192 ad
331 3143 376 3192 fin.
409 3143 517 3206 magni.
527 3143 570 3193 for
622 3146 634 3205 t
648 3144 685 3194 11.
705 3143 766 3193 1-s.
784 3144 961 3207 trispartis:
972 3145 1017 3195 the
1026 3145 1102 3195 three

55 3232 117 3270 case
128 3219 163 3270 cf.
178 3219 212 3280 1,
225 3216 270 3267 22.
282 3221 305 3269 8.
589 3220 673 3270 heads
684 3220 714 3271 of
730 3221 773 3270 his
787 3221 948 3284 opponents’
962 3226 1102 3285 argument

87 3294 190 3346 37-39.
207 3298 244 3344 ut
306 3330 313 3344 .
332 3306 434 3357 agam:
462 3310 506 3346 see
533 3310 568 3347 on
590 3297 697 3361 against
719 3297 834 3348 Murena
857 3312 902 3348 are
924 3299 988 3347 here
1011 3296 1103 3360 briefly

55 3372 145 3436 11.,9.
162 3375 185 3423 1.
220 3371 285 3421 isto
301 3371 388 3422 loco:
406 3374 523 3435 position
541 3372 570 3422 of
591 3373 690 3436 stated;
708 3375 771 3436 they
783 3388 828 3423 are
845 3374 929 3424 taken
947 3389 983 3436 up
1000 3388 1051 3424 one
1069 3375 1103 3436 by

55 3455 219 3515 prosecutor.
245 3447 349 3498 officio
361 3483 367 3496 .
379 3483 385 3496 .
397 3483 402 3496 .
414 3447 569 3510 religioni:
592 3462 643 3499 one
655 3450 683 3498 in
700 3448 817 3499 Olcero’s
834 3450 914 3513 reply.
950 3463 1049 3507 unam,
1062 3450 1102 3498 al·

54 3533 118 3578 note
130 3527 176 3577 the
188 3525 243 3576 flne
254 3524 361 3574 climax.
592 3528 697 3582 teram,
705 3525 843 3575 tertiam:
855 3539 900 3576 see
907 3541 941 3577 on
951 3526 999 3586 ΙΙ.,
1008 3525 1053 3575 ls.
1063 3528 1100 3575 12.

84 3603 130 3654 41„
146 3613 206 3668 pro
216 3599 311 3650 amiel
321 3599 461 3664 periculo
472 3599 571 3662 (:pro
593 3601 795 3651 contentione
823 3601 990 3663 dignitatis,
1017 3602 1103 3651 ‘eom-

53 3682 179 3732 amicata
191 3675 329 3741 periculis
345 3675 471 3740 casoto),
486 3677 572 3727 ‘lora
594 3677 702 3738 parison
716 3677 745 3726 ot
763 3676 866 3738 worth,’
881 3678 936 3738 i.e.,
949 3677 978 3726 ot
990 3678 1103 3726 Murena

52 3751 317 3818 tnendlndanger!
454 3815 456 3820 Δ
593 3753 798 3816 andSulpiclus.

385 3840 388 3845 ’
624 3827 651 3881 6.
667 3826 747 3889 utos,
769 3841 842 3880 more
864 3828 1008 3896 respecttul
1035 3829 1103 3881 than
