2678 4260
127 240 192 317 ott
383 256 463 314 rao.
488 259 518 314 r.
543 259 663 315 Auuro
687 258 832 314 urtone
854 260 1003 316 carno.

181 457 393 520 quacumque
425 459 486 521 ope
518 444 666 521 possent,
695 458 714 500 a
741 459 887 521 corpore,
916 459 935 500 a
962 437 1081 522 capite,
1110 457 1131 500 a
1161 435 1232 502 vita

181 562 243 605 sua
266 541 509 625 propulsarent,
528 563 594 604 non
622 542 763 625 potestis
791 541 853 605 hoc
881 541 1013 605 facinus
1040 540 1231 626 improbum

179 644 338 720 iudicare,
356 645 439 728 quin
456 646 556 709 simul
578 645 734 709 iudicetis
759 645 924 722 omnibus
942 646 1001 730 qui
1025 646 1058 708 in
1083 645 1231 710 latrones

127 763 155 806 14
178 748 369 824 inciderint,
386 756 446 811 aut
467 749 602 812 illorum
627 749 702 813 telis
727 757 787 812 aut
811 751 931 814 vestris
955 749 1135 814 sententiis
1159 771 1230 814 esse

127 852 163 912 31
179 852 400 937 pereundum.
460 852 560 931 Quod
592 854 620 917 si
651 854 698 916 ita
730 861 892 937 putasset,
926 861 1015 918 certe
1047 853 1229 938 optabilius

177 956 298 1020 Miloni
322 956 390 1020 fuit
413 957 491 1020 dare
513 958 670 1043 iugulum
688 957 726 1019 Ρ.
744 957 864 1021 Clodio
888 979 955 1020 non
978 958 1082 1022 semel
1105 957 1148 1022 ab
1171 957 1230 1020 illo

178 1082 288 1146 neque
320 1068 393 1124 tu'm
427 1062 571 1144 primunr
606 1062 751 1144 petitum
780 1083 881 1145 quam
907 1062 1054 1146 iugulari
1080 1083 1099 1124 a
1125 1061 1228 1138 vobis,

179 1166 259 1250 quia
288 1186 323 1228 se
355 1186 422 1227 non
460 1163 685 1249 iugulandum
724 1165 773 1226 illi
812 1164 1016 1229 tradidisset.
1077 1164 1138 1228 Sin
1168 1165 1229 1230 hoo

179 1290 277 1333 nemo
306 1276 456 1333 vestrum
483 1270 529 1332 ita
557 1270 670 1343 sentit,
696 1290 762 1331 non
791 1268 877 1331 illud
907 1269 972 1331 iam
1003 1270 1038 1331 in
1066 1268 1228 1333 iudicium

126 1387 156 1433 20
177 1373 281 1447 venit,
299 1373 471 1436 occisusne
489 1373 542 1446 sit,
561 1372 652 1456 quod
676 1372 909 1446 fate111u1·‚sed
933 1374 1003 1437 iure
1028 1394 1070 1435 an
1095 1373 1228 1448 iniuria,

180 1476 271 1562 quod
295 1477 411 1539 multis
436 1477 470 1538 in
492 1477 600 1539 causis
630 1498 727 1559 saepe
756 1477 947 1559 quaesitum
975 1484 1037 1540 est.
1085 1475 1228 1541 Insidias

178 1581 285 1645 iactas
316 1602 387 1644 esse
408 1587 560 1659 constat,
593 1588 627 1644 et
662 1580 696 1642 id
727 1588 786 1656 est,
816 1580 908 1664 quod
945 1588 1083 1645 senatus
1113 1588 1229 1645 contra

176 1707 247 1750 rem
278 1684 446 1769 publicam
478 1683 605 1748 facturn
639 1684 822 1759 iudicavit;
848 1684 889 1748 ab
914 1692 990 1748 utro
1015 1684 1126 1750 iactae
1150 1686 1227 1761 sint,

179 1791 346 1853 incertum
363 1796 423 1852 est.
471 1789 521 1852 De
535 1788 596 1851 hoc
615 1789 719 1873 igitur
743 1789 847 1851 latum
873 1796 925 1852 est
944 1796 982 1852 ut
998 1797 1226 1872 quaereretur.

126 1910 155 1954 25
177 1893 231 1957 Ita
246 1900 280 1956 et
296 1899 433 1956 senatus
450 1914 529 1966 reni,
547 1913 613 1954 non
638 1892 807 1955 hominem
830 1893 971 1966 notavit,
989 1900 1024 1955 et
1046 1891 1227 1977 Pompeius

179 1996 220 2060 de
248 1998 330 2070 iure,
354 2017 421 2059 non
450 1996 491 2059 de
522 1995 611 2060 facto
643 1996 993 2080 quaestionemsstulit.
1039 2013 1106 2058 ΧΠ.
1138 1996 1227 2060 Num

177 2101 260 2185 quid
276 2102 380 2186 igitur
395 2100 488 2162 aliud
512 2102 546 2161 in
571 2100 733 2163 iudicium
750 2101 852 2175 venit,
870 2101 935 2164 nisi
960 2107 1036 2164 uter
1059 2102 1128 2164 utri
1152 2102 1228 2166 insi·

179 2205 251 2269 dias
264 2204 407 2269 fecerit?
446 2203 602 2267 Profecto
620 2204 723 2278 nihil;
740 2205 769 2266 si
785 2203 838 2267 hic
852 2204 912 2278 illi,
925 2211 1017 2267 utne
1033 2204 1079 2267 sit
1091 2205 1226 2288 inpune,

141 2327 156 2370 4
177 2310 205 2373 si
221 2309 279 2372 ille
296 2308 384 2382 huic,
403 2315 442 2371 ut
458 2308 581 2371 scelere
607 2308 786 2371 solvamur.

210 2491 224 2552 ξ
242 2490 280 2539 31.
302 2489 404 2537 15-20.
428 2488 599 2550 optabilius
621 2487 688 2543 fuit,
712 2502 784 2549 pune
797 2490 825 2537 in
838 2489 973 2552 predicate
986 2490 1020 2538 cf.
1039 2489 1089 2552 Ep.
1110 2488 1225 2540 111.1a.

180 2566 284 2617 ‘would
294 2567 362 2614 have
371 2566 448 2624 been,
458 2564 538 2612 etc.:’
558 2564 688 2612 formood
716 2567 768 2615 186.

178 2642 212 2692 cf.
227 2642 353 2694 Sest.12.
367 2643 409 2703 153
427 2641 494 2694 Sull.
504 2639 550 2688 80.
562 2641 590 2701 ὅς
607 2639 688 2688 1.12.
747 2642 965 2692 consonano.
991 2643 1050 2692 The
1072 2651 1226 2704 arguments

177 2720 218 2768 26.
230 2718 335 2774 semel,
349 2717 431 2766 ‘once
439 2716 530 2778 only:’
546 2717 589 2765 for
597 2716 690 2777 ellipse
714 2732 760 2767 are
776 2719 867 2767 drawn
887 2720 908 2768 Ι.
924 2720 964 2767 De
979 2720 1072 2768 Causa
1090 2719 1120 2780 ἐς
1137 2719 1223 2778 32311,

178 2795 208 2843 ot
236 2793 330 2855 ‘only’
355 2793 389 2842 cf.
415 2792 464 2853 Ep.
493 2792 545 2840 111.
576 2791 601 2839 8.
632 2793 689 2850 1203
715 2796 752 2843 ΙΙ,
772 2796 859 2844 Extra
879 2796 998 2844 Onusam
1016 2795 1045 2856 ἓξ
1068 2794 1157 2845 72-91.
1193 2795 1225 2844 In

178 2870 248 2920 Mur.
259 2869 335 2918 vol.
363 2868 500 2929 iugulari,
511 2867 517 2891 ‘
527 2867 687 2925 murdered,’
716 2871 735 2917 I.
752 2870 845 2919 Cicero
858 2870 1021 2918 undertakes
1033 2876 1061 2919 to
1074 2870 1151 2919 show
1167 2871 1225 2919 that

178 2946 233 3007 i.e.‚
247 2946 290 2994 his
303 2946 455 2994 conviction
472 2945 559 2993 under
576 2946 623 2992 the
641 2945 690 2992 cir·
715 2945 781 2992 Milo
790 2944 865 2993 acted
880 2946 907 2992 in
917 2943 1101 3005 selidefence‚
1113 2945 1225 3007 arguing

178 3029 347 3072 cumstances
366 3021 455 3070 would
476 3021 509 3068 be
532 3019 563 3068 ‘a
579 3020 689 3082 judicial
716 3022 754 3079 (a)
779 3021 849 3069 from
872 3023 918 3069 the
938 3021 1155 3070 Circumstances
1178 3021 1226 3070 Be·

177 3098 304 3148 murder.’
341 3098 377 3147 Of
394 3111 487 3146 course
499 3111 535 3145 no
548 3103 623 3145 court
635 3097 689 3144 had
715 3098 772 3145 fore
795 3098 841 3145 the
865 3097 917 3145 Act
935 3097 961 3154 ἕξ
980 3097 1068 3149 32-52.
1095 3095 1133 3159 (bl
1156 3098 1224 3147 from

178 3175 225 3224 the
236 3189 326 3237 power
338 3180 366 3222 to
378 3173 479 3236 punish
490 3172 625 3234 bydeath,
636 3173 690 3220 and
715 3174 761 3220 the
790 3173 1005 3222 circumstances
1034 3172 1071 3222 of
1098 3173 1146 3222 the
1174 3173 1225 3222 Aet

178 3252 225 3300 the
248 3251 335 3300 words
362 3264 407 3299 are
431 3248 623 3310 intentionally
644 3253 691 3297 too
715 3247 741 3304 ἓξ
753 3249 840 3309 53-60,
855 3250 908 3298 and
919 3248 958 3311 (c)
972 3250 1041 3298 from
1053 3251 1099 3298 the
1109 3250 1225 3300 conduct

178 3331 278 3388 strong.
308 3326 374 3374 lure
384 3338 423 3373 an
434 3324 552 3382 iniuria
562 3324 691 3386 ‘justifia-
715 3325 744 3372 of
757 3325 823 3375 Milo
836 3326 916 3374 After
927 3327 973 3374 the
986 3325 1039 3374 Act
1050 3323 1076 3381 §i
1088 3325 1177 3378 61-71.

177 3403 222 3466 bly
232 3417 262 3452 or
273 3401 340 3451 not’
365 3401 687 3463 Explaintheablatives.
747 3402 769 3452 I.
797 3400 845 3464 (o).
877 3402 1094 3451 Circumstances
1130 3401 1225 3452 Before

715 3479 762 3526 the
785 3479 851 3526 Act:
880 3480 901 3526 1.
939 3477 1128 3527 Probabilities
1155 3478 1224 3528 from

210 3555 236 3604 3.
264 3559 299 3603 ut
328 3567 367 3603 ne
398 3554 440 3602 sit
464 3554 586 3615 inpune,
615 3552 691 3601 ‘that
714 3555 761 3602 the
784 3555 851 3603 Case
873 3553 1031 3615 (Probabile
1059 3568 1090 3603 ex
1111 3552 1222 3616 Causa),
1258 3612 1262 3622 ι

179 3632 246 3683 Milo
274 3646 335 3694 may
357 3636 406 3680 not
434 3645 467 3692 go
496 3629 687 3692 unpunished.’
714 3629 841 3690 §saa-35.
878 3629 988 3679 Clodius
999 3629 1086 3678 would
1101 3630 1180 3691 profit
1191 3630 1224 3690 by

179 3709 238 3758 The
249 3710 286 3757 stt
298 3709 320 3756 is
332 3708 400 3769 subj.
416 3707 446 3755 ot
458 3706 549 3767 result,
564 3705 590 3753 A
603 3704 650 3753 319
662 3719 688 3765 a,
715 3705 806 3754 Milo's
816 3706 897 3754 death
909 3705 947 3764 (ἓξ
959 3704 1059 3768 32-33),
1071 3705 1139 3755 ΜὶΙο
1147 3705 1224 3755 could

179 3789 256 3849 note;
278 3783 311 3834 G.
330 3784 389 3847 5573
412 3784 442 3832 P.
461 3783 509 3832 483
527 3783 560 3832 b:
583 3782 627 3831 for
643 3783 691 3832 tm·
714 3782 777 3846 gain
805 3782 922 3845 nothing
949 3782 983 3845 by
1010 3782 1058 3831 the
1086 3781 1170 3831 daath
1195 3780 1225 3832 of
