2678 4260
172 207 243 319 ’606
442 264 512 313 nno
535 264 565 313 r.
591 261 711 312 Annio
735 263 880 313 umorue
903 263 1053 316 onemo.

232 437 372 523 imploro
387 443 488 520 atque
506 435 663 511 obtestor,
676 457 813 520 vosque,
827 435 1037 500 Albanorum
1053 434 1194 501 obrutae
1207 457 1281 505 arao.

178 559 209 604 ao
229 562 397 608 sacrorum
427 539 543 624 populi
575 540 716 604 Romani
741 541 848 604 sociae
873 547 907 603 et
930 540 1098 624 aequales,
1116 561 1201 625 quas
1223 541 1278 606 ille

234 666 390 730 praeceps
407 644 553 708 amentia
569 644 672 707 caesis
688 644 931 728 prostratisque
952 645 1171 709 sanctissimis
1195 645 1277 710 lucis

231 749 519 814 suintructionum
551 748 676 811 insanis
708 747 851 812 molibus
883 757 1113 833 oppresserat3
1148 757 1277 816 vestrae

232 863 303 919 tum
322 855 398 929 irae,
416 859 544 918 vestrae
564 853 742 938 religiones
760 854 951 939 viguerunt,
964 861 1076 919 vestra
1092 855 1144 920 vis
1161 855 1277 932 valuit,

231 976 331 1040 quam
355 954 411 1017 ille
435 954 524 1017 omni
547 953 672 1016 scelere
696 953 884 1036 polluerat3
909 962 1014 1039 tuque
1038 976 1081 1020 ex
1105 963 1166 1019 tuo
1189 954 1277 1020 edito

177 1076 207 1120 ao
230 1066 352 1134 monte,
370 1057 512 1121 Latiaris
529 1064 642 1121 sancte
660 1057 822 1141 Iuppiter,
840 1060 936 1122 euius
954 1058 1010 1124 ille
1026 1059 1129 1136 lacus,
1144 1081 1278 1124 nemora

231 1162 380 1246 finesque
396 1181 493 1244 saepe
511 1161 600 1223 omni
617 1159 744 1224 nefario
761 1168 878 1245 stupro
895 1168 930 1226 et
945 1163 1067 1227 scelere
1084 1163 1276 1239 macularat,

230 1264 411 1351 aliquando
427 1264 470 1328 ad
492 1285 567 1329 eum
592 1263 817 1348 poeniendum
841 1267 955 1330 oculos
978 1267 1160 1350 aperuisti3
1184 1267 1276 1332 vobis

228 1370 315 1446 illae,
333 1369 427 1434 vobis
444 1376 556 1434 vestro
573 1369 608 1431 in
625 1377 806 1453 conspectu
831 1391 933 1446 serae,
949 1370 1010 1434 sed
1033 1371 1142 1435 iustae
1166 1379 1276 1437 tamen

178 1479 218 1540 86
228 1482 264 1539 et
286 1473 415 1539 debitae
440 1493 564 1557 poenae
589 1473 718 1536 solutae
743 1482 833 1538 sunt.
880 1473 954 1538 Nisi
977 1473 1064 1539 forte
1091 1474 1154 1539 hoc
1176 1477 1276 1540 etiam

177 1591 207 1637 ao
228 1600 307 1643 casu
338 1578 464 1642 facturn
492 1598 563 1641 esse
595 1577 753 1653 dicamne,
779 1585 819 1641 ut
847 1586 925 1642 ante
957 1579 1067 1662 ipsum
1097 1582 1275 1644 sacrarium

231 1683 344 1748 Bonae
361 1682 452 1757 deae,
470 1681 562 1766 quod
579 1689 631 1746 est
647 1683 680 1744 in
697 1681 805 1746 fundo
822 1682 861 1744 T.
880 1680 975 1768 Sergi
992 1681 1092 1759 Galli,
1109 1683 1145 1746 in
1161 1685 1275 1768 primis

229 1788 360 1852 honesti
392 1795 427 1852 et
457 1788 564 1852 ornati
598 1786 832 1862 adulescentis,
864 1796 942 1852 ante
980 1789 1096 1872 ipsam,
1128 1789 1274 1875 inquam,

230 1892 359 1956 Bonam
375 1891 481 1967 deam,
500 1913 575 1955 curn
592 1892 756 1975 proelium
775 1893 1005 1967 commisisset,
1022 1893 1169 1976 primum
1191 1894 1275 1958 illud

229 1997 350 2061 volnus
377 1997 637 2080 acciperetque
669 1995 893 2060 taeterrimam
926 2003 1066 2061 mortem
1097 1997 1214 2070 obiret,
1239 2006 1276 2062 ut

176 2111 206 2158 35
227 2123 294 2165 non
310 2101 483 2166 absolutus
501 2101 624 2165 iudicio
642 2101 700 2165 illo
717 2100 845 2166 nefario
862 2101 1041 2178 videretur,
1055 2100 1116 2167 sed
1131 2103 1176 2167 ad
1191 2103 1274 2170 hanc

228 2206 394 2291 insignem
424 2227 565 2291 poenam
596 2213 795 2270 reservatus.
853 2223 974 2269 xxxii.
1006 2206 1076 2271 Nec
1100 2228 1180 2271 vero
1210 2229 1274 2272 non

228 2308 343 2374 eadem
366 2311 414 2373 ira
437 2309 575 2375 deorum
599 2311 683 2374 hanc
708 2311 780 2374 eius
803 2309 1004 2374 satellitibus
1032 2311 1148 2375 iniecit
1171 2332 1275 2376 amen-

228 2415 319 2490 tiam,
337 2421 376 2478 ut
398 2414 469 2478 sine
494 2414 704 2500 imaginibus,
728 2415 800 2478 sine
829 2422 931 2479 cantu
959 2422 1060 2499 atque
1088 2415 1188 2492 ludis,
1206 2417 1274 2481 sino

226 2651 270 2710 263
287 2651 326 2700 51.
340 2649 380 2711 18)
393 2649 537 2699 villamust
551 2650 619 2699 have
631 2649 699 2698 been
712 2650 739 2697 in
763 2649 826 2698 bere
850 2650 915 2711 they
938 2650 1087 2701 celebrated
1116 2651 1208 2715 yearly
1230 2652 1274 2702 tbe

226 2727 273 2777 the
290 2727 381 2790 region
399 2726 428 2774 oi
445 2725 515 2774 Alba
534 2726 635 2788 Longa,
650 2726 740 2774 whose
765 2727 860 2775 Fera'ae
873 2727 1000 2776 Latinae.

225 2802 339 2865 temples
366 2816 433 2852 urere
457 2803 551 2864 sparcd
576 2802 629 2850 and
650 2803 741 2852 whose
793 2800 805 2858 ξ
829 2804 867 2852 86.
898 2802 1001 2852 31-35,
1048 2803 1155 2853 Bonae
1184 2805 1273 2855 deae:

226 2880 344 2940 worship
362 2893 415 2927 was
433 2879 548 2940 adopted
570 2879 604 2940 by
622 2879 668 2926 the
690 2879 741 2926 Ro-
762 2893 805 2927 see
828 2895 853 2941 p.
878 2880 918 2939 41,
942 2880 956 2939 5
984 2879 1023 2930 13.
1071 2880 1130 2928 'Phe
1152 2881 1272 2943 goddess,

226 2969 303 3004 mans
314 2956 391 3004 when
404 2956 468 3017 they
478 2955 618 3017 destroyed
628 2956 674 3003 the
686 2956 739 3016 city
763 2956 851 3005 whose
863 2971 927 3018 very
945 2971 1024 3006 name
1040 2971 1094 3006 was
1113 2971 1129 3006 a
1148 2963 1271 3020 mystery,

226 3031 307 3080 itself.
761 3026 815 3081 wa's
848 3047 884 3081 an
918 3034 1028 3082 ancient
1067 3033 1168 3083 italien
1204 3035 1273 3096 deity

252 3107 349 3156 19-25.
361 3107 499 3165 obrutae,
508 3109 541 3171 by
550 3108 669 3168 Clodius,
678 3108 740 3157 who
761 3109 946 3171 representing
971 3108 1098 3170 probably
1121 3109 1170 3158 the
1198 3110 1274 3160 ituit·

226 3184 291 3234 used
310 3185 356 3233 the
369 3185 503 3233 insterials
521 3186 550 3234 oi
568 3185 657 3233 which
675 3185 738 3246 they
760 3185 863 3234 iulness
880 3186 910 3234 of
926 3187 973 3235 the
990 3186 1076 3235 earth.
1110 3186 1273 3248 inprimis,

226 3274 296 3310 were
307 3262 513 3310 constructedin
526 3261 568 3310 his
580 3275 640 3311 own
652 3260 740 3310 build-
762 3260 861 3324 ‘very’
906 3261 1025 3311 iudicio
1052 3261 1122 3311 ilio:
1150 3277 1194 3312 see
1221 3263 1268 3326 Ep.

226 3336 294 3400 ings.
328 3337 435 3386 sociae
446 3340 479 3385 et
490 3337 643 3398 aequales,
654 3337 740 3386 ‘asso
761 3335 812 3385 111.
827 3336 856 3397 ἓξ
869 3336 924 3386 1-6.

225 3413 626 3476 ciatesandcontemporaries!
651 3414 739 3462 edito

225 3492 340 3546 monte,
352 3490 398 3537 the
411 3490 510 3552 temple
525 3491 554 3538 of
571 3489 689 3551 Jupiter,
703 3503 738 3537 on
791 3488 816 3537 3.
834 3489 1036 3552 imaginibus:
1058 3505 1102 3540 see
1119 3504 1154 3540 on
1168 3492 1183 3554 y
1196 3492 1235 3542 83.
1248 3492 1270 3543 o.

224 3563 370 3614 tbeAlban
380 3566 484 3626 imunt,
494 3580 548 3615 was
556 3567 602 3614 the
612 3565 738 3627 religione
759 3569 869 3615 cantu:
892 3566 1027 3615 minstrels
1049 3580 1116 3615 were
1134 3581 1150 3616 a
1171 3568 1272 3618 ieatune

225 3647 316 3691 eentre
328 3643 357 3691 oi
375 3642 475 3691 theold
496 3642 574 3691 latin
593 3642 738 3690 Conieder-
759 3642 788 3690 oi
804 3642 851 3690 the
869 3641 973 3691 funeral
988 3656 1140 3705 oerenrony.
1178 3643 1271 3693 ludin:

225 3730 275 3780 acy
287 3716 455 3780 (Oreightom
470 3733 495 3780 p.
510 3720 538 3779 93
557 3718 645 3775 Allan,
654 3732 679 3780 p.
697 3722 737 3779 103
760 3718 802 3766 ior
813 3719 886 3767 their
897 3718 1036 3769 character
1045 3733 1089 3768 see
1101 3733 1137 3775 on
1148 3719 1216 3778 suli,
1226 3718 1271 3774 54.

225 3793 324 3866 Myers,
344 3808 369 3865 p.
391 3795 418 3864 33
436 3794 559 3856 Pennell,
579 3808 605 3864 p.
626 3791 662 3862 1),
683 3795 736 3843 and
760 3794 798 3854 11,
