2678 4260
444 253 500 304 nr.
525 253 615 316 xiv,
641 255 655 316 s
678 254 733 305 aa.
1088 239 1170 310 399.

59 423 126 494 Sed
141 427 221 493 haec
238 429 365 493 minora
380 434 470 492 sunt.
518 428 572 491 Tu
589 426 680 512 quod
697 449 748 492 me
764 427 916 504 hortaris,
934 434 975 492 ut
990 428 1101 493 animo
1125 433 1144 495 5

58 533 121 597 sim
144 555 265 619 magno
292 539 327 597 et
352 555 445 617 spem
472 531 609 596 habeam
638 532 881 616 recuperandae
908 532 1038 610 salutis,
1066 532 1100 597 id

59 637 160 701 velim
177 637 221 701 sit
244 635 416 713 eiusmodi,
435 643 474 700 ut
501 643 590 700 recte
617 623 749 720 sperare
777 637 952 721 possimus.
999 636 1098 703 Nunc

58 742 158 806 miser
174 741 309 826 quando
327 749 401 805 tuas
417 741 483 804 iam
508 741 637 805 litteras
665 741 852 825 accipiam?
877 742 953 825 quis
979 741 1021 806 ad
1047 765 1100 808 me

58 844 229 930 perferet?
266 867 349 931 quas
377 868 439 932 ego
467 852 712 930 exspectassem
741 845 925 922 Brundisii,
953 847 982 910 si
1014 855 1103 912 esset
1124 863 1154 908 45

58 949 188 1014 licitum
221 971 280 1035 per
311 957 441 1025 nautas
474 949 534 1034 qui
569 956 802 1033 tempestatem
837 952 1100 1035 praetermittere

58 1055 249 1119 noluerunt.
297 1053 397 1133 Quod
420 1054 588 1138 reliquum
605 1062 665 1130 est,
682 1061 834 1120 sustenta
861 1063 904 1131 te,
922 1076 994 1121 mea
1022 1057 1099 1120 Ter·

58 1159 159 1235 entia,
176 1166 216 1223 ut
230 1167 336 1244 potes.
383 1158 628 1223 Honestissime
646 1157 803 1235 viximus,
821 1157 1014 1224 floruimus:
1032 1182 1107 1231 non

58 1263 178 1328 vitium
193 1271 356 1340 nostrum,
370 1262 429 1329 sed
442 1263 549 1327 virtus
567 1273 681 1326 nostra
693 1285 753 1327 nos
769 1262 890 1327 afflixit
902 1273 1096 1348 ;·peccatum

57 1374 109 1432 est
125 1367 267 1444 nullum,
285 1369 348 1432 nisi
367 1367 456 1452 quod
475 1389 541 1431 non
560 1387 626 1430 una
642 1368 785 1430 animam
804 1389 879 1432 cum
898 1371 1101 1434 ornamentis
1123 1384 1154 1429 sc

56 1471 250 1548 amisimus;
274 1472 342 1548 sed,
373 1473 400 1537 si
427 1471 489 1535 hoc
506 1469 573 1534 fuit
600 1470 711 1534 liberis
739 1473 861 1536 nostris
885 1473 1023 1557 gratius,
1040 1494 1100 1538 nos

57 1576 181 1653 vivere,
205 1584 326 1653 cetera,
355 1595 558 1661 quamquam
576 1573 713 1639 ferenda
740 1596 806 1639 non
835 1583 925 1650 sunt,
942 1574 1098 1642 feramus.

57 1678 167 1765 Atqui
184 1702 256 1767 ego,
274 1681 383 1765 quite
402 1679 571 1755 confirmo,
588 1679 658 1762 ipse
675 1700 726 1744 me
744 1701 810 1743 non
835 1701 980 1765 possum.
1028 1681 1102 1745 Clo
1124 1686 1144 1748 6

58 1782 149 1849 dium
168 1783 408 1858 Philetaerum,
427 1782 519 1868 quod
536 1781 730 1848 valetudine
747 1784 919 1848 oculorum
944 1785 1099 1870 impedie-

56 1886 165 1966 batur,
204 1889 371 1955 hominem
413 1887 556 1963 fidelem,
595 1887 717 1951 remisi.
773 1886 954 1953 Sallustius
993 1888 1102 1953 officio
1123 1905 1154 1950 ss

57 1994 164 2059 vincit
173 2016 297 2060 omnes.
341 1991 549 2059 Pescennius
563 1997 615 2055 est
625 1990 867 2075 perbenevolus
881 1993 985 2069 nobis,
998 2015 1098 2078 quem
1153 2025 1156 2053 :

56 2119 186 2184 semper
209 2121 305 2185 spero
332 2099 383 2164 tui
399 2097 471 2162 fore
499 2095 741 2168 observantem.
779 2095 883 2160 ‘Sicca
910 2096 1042 2162 dixerat
1063 2120 1099 2164 se

57 2224 186 2267 mecum
199 2202 281 2279 fore,
293 2202 351 2269 sed
365 2200 546 2266 Brundisio
559 2198 722 2265 discessit.
762 2199 861 2275 Cura,
873 2201 984 2284 quoad
994 2210 1098 2286 potes,

56 2314 96 2371 ut
110 2306 222 2372 valeas
238 2314 273 2372 et
287 2307 335 2372 sic
359 2306 544 2379 existimes,
562 2325 613 2367 me
630 2302 864 2368 vehementius
888 2312 947 2368 tua
970 2306 1101 2371 miseria

56 2423 158 2495 quam
177 2432 248 2475 mea
271 2410 483 2475 commoveri.
529 2406 607 2471 Mea
632 2406 799 2483 Terentia,
818 2407 977 2472 fidissima
999 2416 1100 2493 atque
1124 2429 1154 2473 co

56 2515 181 2600 optima
209 2537 304 2591 uxor,
322 2523 357 2580 et
384 2536 457 2579 mea
483 2512 651 2577 carissima
678 2512 781 2575 filiola
809 2519 844 2576 et
869 2534 945 2597 spes
973 2513 1102 2597 reliqua

55 2627 178 2695 nostra,
197 2617 323 2696 Cicer0,
341 2620 462 2684 valete.
508 2616 564 2678 Pr.
582 2615 624 2678 K.
642 2615 723 2678 Mai.
741 2615 933 2680 Brundisio.

512 2758 645 2765 ³—-
817 2759 876 2764 .--—
882 2758 979 2764 ——..
986 2759 1067 2764 -..—
1073 2760 1102 2765 -...

87 2826 133 2887 55.
153 2825 253 2874 4146.
268 2824 354 2888 quod
365 2861 371 2873 .
383 2861 388 2873 .
401 2861 407 2873 .
418 2823 566 2874 hortaris:
593 2820 621 2869 in
635 2820 671 2870 ΙΙ.
684 2821 729 2869 27.
739 2822 777 2870 21.
811 2821 872 2869 nisi
881 2820 982 2882 quod:
999 2822 1072 2871 what
1081 2824 1102 2872 is

56 2901 90 2950 ct.
101 2901 150 2963 Ep.
163 2901 244 2950 XIII.
255 2901 281 2949 1.
294 2901 318 2949 4.
351 2900 446 2950 velim
455 2900 510 2948 alt:
524 2898 567 2946 for
592 2899 670 2947 arisit
691 2897 732 2947 Cf.
743 2899 793 2959 Ep.
803 2898 837 2948 V.
847 2897 873 2946 1.
886 2899 908 2946 2.
943 2910 1102 2948 ornamen-

60 2978 195 3027 moodscf.
207 2978 256 3039 Ep.
272 2977 322 3026 IX.
335 2977 351 3026 l.
363 2978 385 3037 1,
395 2978 417 3027 2.
438 2986 567 3036 exspac-
592 2972 648 3020 tis:
668 2973 703 3022 cf.
717 2973 783 3022 Sull.
799 2972 845 3022 ⁵0.
858 2974 880 3023 1.
915 2985 1101 3035 quamquam

55 3056 173 3102 taeeem
198 3053 357 3102 BrundIefl
381 3051 419 3115 (=
431 3053 567 3112 exspecta·
591 3083 597 3097 .
614 3083 620 3095 .
638 3083 643 3095 .
660 3047 810 3107 teramum
827 3049 862 3097 ct.
878 3047 1011 3110 1.18‚35,
1027 3050 1066 3098 36.

55 3141 110 3176 rem
119 3127 189 3188 atel:
202 3127 328 3177 tartense
340 3141 425 3176 seeon
439 3127 488 3188 Ep.
500 3123 565 3174 XII.
622 3121 670 3180 §a
689 3123 791 3173 53-62.
809 3122 954 3173 ΟΙοᾱὶιιω
964 3123 1025 3181 Ph..
1034 3123 1102 3174 Sal-

57 3202 73 3252 l.
89 3205 112 3263 1,
126 3203 179 3252 and
197 3204 232 3253 ct.
251 3200 264 3258 t
281 3203 305 3253 3.
325 3203 364 3252 18.
400 3203 485 3250 esset
501 3201 567 3248 lici-
588 3199 711 3256 iustius.
738 3199 938 3254 Pescennius.
963 3201 1102 3250 freedmen

56 3280 136 3326 tum:
153 3278 197 3327 for
208 3277 278 3328 torm
290 3291 334 3327 see
347 3277 380 3326 A.
395 3278 441 3327 146
459 3292 472 3326 c
490 3281 566 3337 note3
591 3276 764 3326 orclientsof
776 3275 877 3326 Cicero.
913 3276 1101 3336 valetudine,

57 3352 88 3403 G.
103 3368 128 3416 p.
140 3355 198 3415 1143
210 3354 245 3402 H.
259 3354 315 3403 299.
325 3353 327 3357 ’
338 3353 566 3413 tempestatem,
591 3353 778 3403 avocmedto:
791 3352 863 3401 what
873 3352 961 3402 here?
993 3351 1101 3401 Sicca:

56 3441 73 3477 a
89 3442 140 3478 oca
158 3429 266 3479 media:
282 3441 326 3477 see
342 3440 378 3477 on
397 3427 446 3479 IV.
465 3425 511 3477 12.
522 3427 566 3488 49;
591 3428 625 3477 cf.
640 3427 689 3488 Ep.
703 3427 754 3476 xl.
769 3426 786 3476 l.
799 3427 823 3476 3.
858 3427 905 3474 Pr.
915 3426 953 3475 K.
965 3427 1013 3476 the
1027 3441 1103 3489 regu-

57 3504 130 3555 what
152 3505 218 3554 kind
237 3505 267 3554 of
289 3504 408 3553 westher
429 3503 515 3552 here?
537 3503 565 3551 ln
591 3503 631 3552 lar
642 3503 841 3553 abbreviation:
857 3503 947 3552 notice
959 3503 1038 3565 again
1056 3502 1103 3552 tire

58 3579 133 3632 Caes.
153 3581 204 3633 IV.
214 3579 259 3630 23.
269 3581 292 3644 1,
302 3581 356 3631 and
365 3580 457 3630 2929
592 3579 721 3642 irregular
750 3580 908 3641 expressIon
938 3579 1103 3632 substituted

88 3655 190 3710 47-52.
207 3653 301 3718 Quod
309 3655 462 3717 reliquum
474 3656 568 3711 estes
591 3655 635 3705 tor
650 3656 672 3705 n
689 3655 718 3704 in
734 3658 747 3718 t
764 3655 789 3705 3.
804 3655 843 3706 19.
