<?xml version="1.0" encoding="UTF-8"?>
<!DOCTYPE html PUBLIC "-//W3C//DTD XHTML 1.0 Transitional//EN"
    "http://www.w3.org/TR/xhtml1/DTD/xhtml1-transitional.dtd">
<html xmlns="http://www.w3.org/1999/xhtml" xml:lang="en" lang="en">
 <head>
  <title>
</title>
<meta http-equiv="Content-Type" content="text/html;charset=utf-8" />
  <meta name='ocr-system' content='tesseract 3.04.00' />
  <meta name='ocr-capabilities' content='ocr_page ocr_carea ocr_par ocr_line ocrx_word'/>
</head>
<body>
  <div class='ocr_page' id='page_1' title='image "./selectedoration00cicegoog_0386.png"; bbox 0 0 2678 4260; ppageno 0'>
   <div class='ocr_carea' id='block_1_1' title="bbox 356 269 1161 342">
    <p class='ocr_par' dir='ltr' id='par_1_1' title="bbox 356 269 1161 342">
     <span class='ocr_line' id='line_1_1' title="bbox 356 269 1161 342; baseline 0.007 -14"><span class='ocrx_word' id='word_1_1' title='bbox 356 277 411 329; x_wconf 80' lang='lat' dir='ltr'>nr.</span> <span class='ocrx_word' id='word_1_2' title='bbox 435 278 539 342; x_wconf 50' lang='grc' dir='ltr'>ΧΗ</span> <span class='ocrx_word' id='word_1_3' title='bbox 561 279 588 342; x_wconf 87' lang='lat' dir='ltr'>a;</span> <span class='ocrx_word' id='word_1_4' title='bbox 617 279 707 342; x_wconf 72' lang='lat' dir='ltr'>xva,</span> <span class='ocrx_word' id='word_1_5' title='bbox 731 279 746 342; x_wconf 66' lang='lat' dir='ltr'>e</span> <span class='ocrx_word' id='word_1_6' title='bbox 769 279 823 331; x_wconf 59' lang='grc' dir='ltr'>Η.</span> <span class='ocrx_word' id='word_1_7' title='bbox 1088 269 1161 334; x_wconf 82' lang='grc'><strong>--403</strong></span> 
     </span>
    </p>
   </div>
   <div class='ocr_carea' id='block_1_2' title="bbox 63 445 1206 2933">
    <p class='ocr_par' dir='ltr' id='par_1_2' title="bbox 63 445 1206 2933">
     <span class='ocr_line' id='line_1_2' title="bbox 65 445 1108 532; baseline 0.008 -22"><span class='ocrx_word' id='word_1_8' title='bbox 65 447 185 512; x_wconf 88' lang='lat' dir='ltr'>misere</span> <span class='ocrx_word' id='word_1_9' title='bbox 211 446 352 532; x_wconf 90' lang='lat' dir='ltr'>perdidi.</span> <span class='ocrx_word' id='word_1_10' title='bbox 399 447 498 514; x_wconf 90' lang='lat' dir='ltr'>Meus</span> <span class='ocrx_word' id='word_1_11' title='bbox 525 449 583 515; x_wconf 90' lang='lat' dir='ltr'>ille</span> <span class='ocrx_word' id='word_1_12' title='bbox 614 446 772 516; x_wconf 83' lang='lat' dir='ltr'>laudatus</span> <span class='ocrx_word' id='word_1_13' title='bbox 802 447 998 518; x_wconf 90' lang='lat' dir='ltr'>consulatus</span> <span class='ocrx_word' id='word_1_14' title='bbox 1028 445 1108 518; x_wconf 81' lang='lat' dir='ltr'>mihi</span> 
     </span>
     <span class='ocr_line' id='line_1_3' title="bbox 65 551 1110 643; baseline 0.006 -25"><span class='ocrx_word' id='word_1_15' title='bbox 65 559 111 630; x_wconf 90' lang='lat' dir='ltr'>te,</span> <span class='ocrx_word' id='word_1_16' title='bbox 127 551 258 630; x_wconf 70' lang='lat' dir='ltr'>liberos</span> <span class='ocrx_word' id='word_1_17' title='bbox 275 554 427 637; x_wconf 88' lang='lat' dir='ltr'>patriam,</span> <span class='ocrx_word' id='word_1_18' title='bbox 443 553 607 633; x_wconf 86' lang='lat' dir='ltr'>fortunas,</span> <span class='ocrx_word' id='word_1_19' title='bbox 620 556 683 621; x_wconf 82' lang='lat' dir='ltr'>tibi</span> <span class='ocrx_word' id='word_1_20' title='bbox 699 557 800 621; x_wconf 87' lang='lat' dir='ltr'>velim</span> <span class='ocrx_word' id='word_1_21' title='bbox 815 578 857 622; x_wconf 94' lang='lat' dir='ltr'>ne</span> <span class='ocrx_word' id='word_1_22' title='bbox 878 557 961 642; x_wconf 92' lang='lat' dir='ltr'>quid</span> <span class='ocrx_word' id='word_1_23' title='bbox 983 555 1110 643; x_wconf 87' lang='lat' dir='ltr'>eripue-</span> 
     </span>
     <span class='ocr_line' id='line_1_4' title="bbox 66 657 1110 746; baseline 0.005 -24"><span class='ocrx_word' id='word_1_24' title='bbox 66 658 111 722; x_wconf 88' lang='lat' dir='ltr'>rit</span> <span class='ocrx_word' id='word_1_25' title='bbox 121 663 252 742; x_wconf 87' lang='lat' dir='ltr'>praeter</span> <span class='ocrx_word' id='word_1_26' title='bbox 268 678 374 721; x_wconf 91' lang='lat' dir='ltr'>unum</span> <span class='ocrx_word' id='word_1_27' title='bbox 386 679 448 723; x_wconf 91' lang='lat' dir='ltr'>me.</span> <span class='ocrx_word' id='word_1_28' title='bbox 495 657 562 724; x_wconf 82' lang='lat' dir='ltr'>Sed</span> <span class='ocrx_word' id='word_1_29' title='bbox 577 667 666 725; x_wconf 86' lang='lat' dir='ltr'>certe</span> <span class='ocrx_word' id='word_1_30' title='bbox 679 681 698 724; x_wconf 92' lang='lat' dir='ltr'>a</span> <span class='ocrx_word' id='word_1_31' title='bbox 711 666 744 725; x_wconf 93' lang='lat' dir='ltr'>te</span> <span class='ocrx_word' id='word_1_32' title='bbox 757 660 838 724; x_wconf 92' lang='lat' dir='ltr'>mihi</span> <span class='ocrx_word' id='word_1_33' title='bbox 854 662 965 726; x_wconf 92' lang='lat' dir='ltr'>omnia</span> <span class='ocrx_word' id='word_1_34' title='bbox 979 683 1110 746; x_wconf 83' lang='lat' dir='ltr'>semper</span> 
     </span>
     <span class='ocr_line' id='line_1_5' title="bbox 65 761 1108 840; baseline 0.007 -16"><span class='ocrx_word' id='word_1_35' title='bbox 65 761 206 827; x_wconf 89' lang='lat' dir='ltr'>honesta</span> <span class='ocrx_word' id='word_1_36' title='bbox 225 769 260 826; x_wconf 95' lang='lat' dir='ltr'>et</span> <span class='ocrx_word' id='word_1_37' title='bbox 282 762 431 827; x_wconf 87' lang='lat' dir='ltr'>iucunda</span> <span class='ocrx_word' id='word_1_38' title='bbox 454 762 692 840; x_wconf 87' lang='lat' dir='ltr'>ceciderunt,a</span> <span class='ocrx_word' id='word_1_39' title='bbox 715 785 767 828; x_wconf 91' lang='lat' dir='ltr'>me</span> <span class='ocrx_word' id='word_1_40' title='bbox 790 764 852 828; x_wconf 88' lang='lat' dir='ltr'>tibi</span> <span class='ocrx_word' id='word_1_41' title='bbox 879 765 992 830; x_wconf 84' lang='lat' dir='ltr'>luctus</span> <span class='ocrx_word' id='word_1_42' title='bbox 1017 783 1108 831; x_wconf 88' lang='lat' dir='ltr'>meae</span> 
     </span>
     <span class='ocr_line' id='line_1_6' title="bbox 65 863 1163 945; baseline 0.004 -16"><span class='ocrx_word' id='word_1_43' title='bbox 65 866 274 943; x_wconf 79' lang='lat' dir='ltr'>calamitatis,</span> <span class='ocrx_word' id='word_1_44' title='bbox 299 873 409 931; x_wconf 90' lang='lat' dir='ltr'>metus</span> <span class='ocrx_word' id='word_1_45' title='bbox 440 873 529 943; x_wconf 91' lang='lat' dir='ltr'>tuae,</span> <span class='ocrx_word' id='word_1_46' title='bbox 553 863 766 945; x_wconf 90' lang='lat' dir='ltr'>desiderium,</span> <span class='ocrx_word' id='word_1_47' title='bbox 789 889 926 945; x_wconf 87' lang='lat' dir='ltr'>maeror,</span> <span class='ocrx_word' id='word_1_48' title='bbox 952 868 1110 933; x_wconf 89' lang='lat' dir='ltr'>solitudo.</span> <span class='ocrx_word' id='word_1_49' title='bbox 1135 881 1163 927; x_wconf 92' lang='lat'>10</span> 
     </span>
     <span class='ocr_line' id='line_1_7' title="bbox 65 966 1206 1056; baseline 0.002 -22"><span class='ocrx_word' id='word_1_50' title='bbox 65 969 139 1056; x_wconf 84' lang='lat' dir='ltr'>Ego</span> <span class='ocrx_word' id='word_1_51' title='bbox 162 977 195 1035; x_wconf 89' lang='lat' dir='ltr'>tc</span> <span class='ocrx_word' id='word_1_52' title='bbox 220 969 333 1036; x_wconf 90' lang='lat' dir='ltr'>videre</span> <span class='ocrx_word' id='word_1_53' title='bbox 360 971 549 1036; x_wconf 86' lang='lat' dir='ltr'>noluerim?</span> <span class='ocrx_word' id='word_1_54' title='bbox 596 971 702 1036; x_wconf 90' lang='lat' dir='ltr'>Immo</span> <span class='ocrx_word' id='word_1_55' title='bbox 725 993 804 1037; x_wconf 88' lang='lat' dir='ltr'>vero</span> <span class='ocrx_word' id='word_1_56' title='bbox 831 993 882 1036; x_wconf 94' lang='lat' dir='ltr'>me</span> <span class='ocrx_word' id='word_1_57' title='bbox 905 979 980 1037; x_wconf 90' lang='lat' dir='ltr'>ate</span> <span class='ocrx_word' id='word_1_58' title='bbox 1003 972 1109 1038; x_wconf 91' lang='lat' dir='ltr'>videri</span> <span class='ocrx_word' id='word_1_59' title='bbox 1202 966 1206 973; x_wconf 70' lang='grc'><strong>’</strong></span> 
     </span>
     <span class='ocr_line' id='line_1_8' title="bbox 65 1068 1110 1161; baseline 0.003 -22"><span class='ocrx_word' id='word_1_60' title='bbox 65 1075 181 1151; x_wconf 85' lang='lat' dir='ltr'>nolui3</span> <span class='ocrx_word' id='word_1_61' title='bbox 204 1096 272 1140; x_wconf 92' lang='lat' dir='ltr'>non</span> <span class='ocrx_word' id='word_1_62' title='bbox 288 1075 377 1140; x_wconf 89' lang='lat' dir='ltr'>enim</span> <span class='ocrx_word' id='word_1_63' title='bbox 393 1068 533 1141; x_wconf 88' lang='lat' dir='ltr'>vidisses</span> <span class='ocrx_word' id='word_1_64' title='bbox 549 1074 687 1140; x_wconf 85' lang='lat' dir='ltr'>fratrem</span> <span class='ocrx_word' id='word_1_65' title='bbox 702 1084 811 1152; x_wconf 88' lang='lat' dir='ltr'>tuum,</span> <span class='ocrx_word' id='word_1_66' title='bbox 827 1097 895 1139; x_wconf 96' lang='lat' dir='ltr'>non</span> <span class='ocrx_word' id='word_1_67' title='bbox 911 1097 997 1150; x_wconf 82' lang='lat' dir='ltr'>eum,</span> <span class='ocrx_word' id='word_1_68' title='bbox 1008 1099 1110 1161; x_wconf 92' lang='lat' dir='ltr'>quem</span> 
     </span>
     <span class='ocr_line' id='line_1_9' title="bbox 65 1180 1109 1266; baseline 0.003 -22"><span class='ocrx_word' id='word_1_69' title='bbox 65 1180 257 1264; x_wconf 87' lang='lat' dir='ltr'>reliqueras,</span> <span class='ocrx_word' id='word_1_70' title='bbox 273 1201 342 1245; x_wconf 93' lang='lat' dir='ltr'>non</span> <span class='ocrx_word' id='word_1_71' title='bbox 358 1201 446 1257; x_wconf 90' lang='lat' dir='ltr'>eum,</span> <span class='ocrx_word' id='word_1_72' title='bbox 464 1201 565 1266; x_wconf 89' lang='lat' dir='ltr'>quem</span> <span class='ocrx_word' id='word_1_73' title='bbox 588 1201 694 1257; x_wconf 88' lang='lat' dir='ltr'>noras,</span> <span class='ocrx_word' id='word_1_74' title='bbox 712 1201 779 1244; x_wconf 92' lang='lat' dir='ltr'>non</span> <span class='ocrx_word' id='word_1_75' title='bbox 802 1201 890 1256; x_wconf 89' lang='lat' dir='ltr'>eum,</span> <span class='ocrx_word' id='word_1_76' title='bbox 908 1202 1010 1265; x_wconf 91' lang='lat' dir='ltr'>quem</span> <span class='ocrx_word' id='word_1_77' title='bbox 1026 1180 1109 1247; x_wconf 89' lang='lat' dir='ltr'>flens</span> 
     </span>
     <span class='ocr_line' id='line_1_10' title="bbox 64 1283 1109 1370; baseline 0.002 -22"><span class='ocrx_word' id='word_1_78' title='bbox 64 1283 210 1362; x_wconf 87' lang='lat' dir='ltr'>flentem,</span> <span class='ocrx_word' id='word_1_79' title='bbox 226 1292 484 1370; x_wconf 82' lang='lat' dir='ltr'>prosequentem</span> <span class='ocrx_word' id='word_1_80' title='bbox 511 1285 724 1370; x_wconf 87' lang='lat' dir='ltr'>proficiscens</span> <span class='ocrx_word' id='word_1_81' title='bbox 747 1283 929 1362; x_wconf 88' lang='lat' dir='ltr'>dimiseras,</span> <span class='ocrx_word' id='word_1_82' title='bbox 946 1307 987 1350; x_wconf 92' lang='lat' dir='ltr'>ne</span> <span class='ocrx_word' id='word_1_83' title='bbox 1010 1283 1109 1352; x_wconf 86' lang='lat' dir='ltr'>vesti-</span> 
     </span>
     <span class='ocr_line' id='line_1_11' title="bbox 64 1388 1160 1476; baseline -0.002 -23"><span class='ocrx_word' id='word_1_84' title='bbox 64 1391 158 1476; x_wconf 86' lang='lat' dir='ltr'>gium</span> <span class='ocrx_word' id='word_1_85' title='bbox 182 1388 318 1474; x_wconf 89' lang='lat' dir='ltr'>quidem</span> <span class='ocrx_word' id='word_1_86' title='bbox 344 1391 416 1455; x_wconf 90' lang='lat' dir='ltr'>eius</span> <span class='ocrx_word' id='word_1_87' title='bbox 443 1411 505 1456; x_wconf 91' lang='lat' dir='ltr'>nec</span> <span class='ocrx_word' id='word_1_88' title='bbox 531 1390 758 1465; x_wconf 83' lang='lat' dir='ltr'>simulacrum,</span> <span class='ocrx_word' id='word_1_89' title='bbox 775 1388 835 1453; x_wconf 90' lang='lat' dir='ltr'>sed</span> <span class='ocrx_word' id='word_1_90' title='bbox 858 1388 1027 1474; x_wconf 91' lang='lat' dir='ltr'>quandam</span> <span class='ocrx_word' id='word_1_91' title='bbox 1042 1390 1108 1456; x_wconf 90' lang='lat' dir='ltr'>effi·</span> <span class='ocrx_word' id='word_1_92' title='bbox 1132 1404 1160 1451; x_wconf 75' lang='lat'>15</span> 
     </span>
     <span class='ocr_line' id='line_1_12' title="bbox 64 1493 1109 1580; baseline 0.002 -23"><span class='ocrx_word' id='word_1_93' title='bbox 64 1495 152 1580; x_wconf 87' lang='lat' dir='ltr'>giem</span> <span class='ocrx_word' id='word_1_94' title='bbox 178 1494 335 1579; x_wconf 87' lang='lat' dir='ltr'>spirantis</span> <span class='ocrx_word' id='word_1_95' title='bbox 366 1495 499 1560; x_wconf 93' lang='lat' dir='ltr'>mortui.</span> <span class='ocrx_word' id='word_1_96' title='bbox 547 1495 664 1580; x_wconf 88' lang='lat' dir='ltr'>Atque</span> <span class='ocrx_word' id='word_1_97' title='bbox 695 1493 826 1558; x_wconf 91' lang='lat' dir='ltr'>utinam</span> <span class='ocrx_word' id='word_1_98' title='bbox 856 1515 908 1559; x_wconf 92' lang='lat' dir='ltr'>me</span> <span class='ocrx_word' id='word_1_99' title='bbox 940 1503 1109 1559; x_wconf 91' lang='lat' dir='ltr'>mortuum</span> 
     </span>
     <span class='ocr_line' id='line_1_13' title="bbox 64 1593 1108 1682; baseline 0.002 -20"><span class='ocrx_word' id='word_1_100' title='bbox 64 1599 156 1682; x_wconf 89' lang='lat' dir='ltr'>prius</span> <span class='ocrx_word' id='word_1_101' title='bbox 172 1597 311 1664; x_wconf 88' lang='lat' dir='ltr'>vidisses</span> <span class='ocrx_word' id='word_1_102' title='bbox 327 1606 387 1663; x_wconf 89' lang='lat' dir='ltr'>aut</span> <span class='ocrx_word' id='word_1_103' title='bbox 401 1593 551 1664; x_wconf 88' lang='lat' dir='ltr'>audisses</span> <span class='ocrx_word' id='word_1_104' title='bbox 565 1597 572 1662; x_wconf 87' lang='lat' dir='ltr'>l</span> <span class='ocrx_word' id='word_1_105' title='bbox 597 1600 727 1663; x_wconf 92' lang='lat' dir='ltr'>utinam</span> <span class='ocrx_word' id='word_1_106' title='bbox 742 1605 775 1663; x_wconf 89' lang='lat' dir='ltr'>te</span> <span class='ocrx_word' id='word_1_107' title='bbox 792 1619 860 1662; x_wconf 93' lang='lat' dir='ltr'>non</span> <span class='ocrx_word' id='word_1_108' title='bbox 882 1598 993 1663; x_wconf 91' lang='lat' dir='ltr'>solum</span> <span class='ocrx_word' id='word_1_109' title='bbox 1008 1599 1108 1675; x_wconf 86' lang='lat' dir='ltr'>vitae,</span> 
     </span>
     <span class='ocr_line' id='line_1_14' title="bbox 63 1701 1108 1790; baseline -0.001 -23"><span class='ocrx_word' id='word_1_110' title='bbox 63 1701 123 1767; x_wconf 90' lang='lat' dir='ltr'>sed</span> <span class='ocrx_word' id='word_1_111' title='bbox 152 1703 253 1767; x_wconf 89' lang='lat' dir='ltr'>etiam</span> <span class='ocrx_word' id='word_1_112' title='bbox 283 1702 458 1790; x_wconf 85' lang='lat' dir='ltr'>dignitatis</span> <span class='ocrx_word' id='word_1_113' title='bbox 496 1725 587 1769; x_wconf 89' lang='lat' dir='ltr'>meae</span> <span class='ocrx_word' id='word_1_114' title='bbox 624 1704 842 1789; x_wconf 87' lang='lat' dir='ltr'>superstitem</span> <span class='ocrx_word' id='word_1_115' title='bbox 879 1702 1108 1788; x_wconf 81' lang='lat' dir='ltr'>reliquissem!</span> 
     </span>
     <span class='ocr_line' id='line_1_15' title="bbox 65 1805 1153 1873; baseline 0.002 -2"><span class='ocrx_word' id='word_1_116' title='bbox 65 1805 132 1872; x_wconf 89' lang='lat' dir='ltr'>Sed</span> <span class='ocrx_word' id='word_1_117' title='bbox 155 1813 260 1872; x_wconf 87' lang='lat' dir='ltr'>testor</span> <span class='ocrx_word' id='word_1_118' title='bbox 281 1829 396 1872; x_wconf 89' lang='lat' dir='ltr'>omnes</span> <span class='ocrx_word' id='word_1_119' title='bbox 420 1807 499 1873; x_wconf 91' lang='lat' dir='ltr'>deos</span> <span class='ocrx_word' id='word_1_120' title='bbox 522 1830 574 1873; x_wconf 92' lang='lat' dir='ltr'>me</span> <span class='ocrx_word' id='word_1_121' title='bbox 597 1808 658 1873; x_wconf 91' lang='lat' dir='ltr'>hac</span> <span class='ocrx_word' id='word_1_122' title='bbox 675 1829 743 1872; x_wconf 89' lang='lat' dir='ltr'>una</span> <span class='ocrx_word' id='word_1_123' title='bbox 759 1828 840 1873; x_wconf 84' lang='lat' dir='ltr'>voce</span> <span class='ocrx_word' id='word_1_124' title='bbox 864 1827 883 1870; x_wconf 92' lang='lat' dir='ltr'>a</span> <span class='ocrx_word' id='word_1_125' title='bbox 906 1815 1011 1872; x_wconf 90' lang='lat' dir='ltr'>morte</span> <span class='ocrx_word' id='word_1_126' title='bbox 1039 1829 1110 1872; x_wconf 89' lang='lat' dir='ltr'>esse</span> <span class='ocrx_word' id='word_1_127' title='bbox 1134 1811 1153 1873; x_wconf 86' lang='lat'>2</span> 
     </span>
     <span class='ocr_line' id='line_1_16' title="bbox 64 1911 1163 1997; baseline -0.003 -24"><span class='ocrx_word' id='word_1_128' title='bbox 64 1919 267 1988; x_wconf 90' lang='lat' dir='ltr'>revocatum,</span> <span class='ocrx_word' id='word_1_129' title='bbox 287 1911 380 1996; x_wconf 91' lang='lat' dir='ltr'>quod</span> <span class='ocrx_word' id='word_1_130' title='bbox 406 1934 520 1978; x_wconf 89' lang='lat' dir='ltr'>omnes</span> <span class='ocrx_word' id='word_1_131' title='bbox 545 1913 580 1976; x_wconf 95' lang='lat' dir='ltr'>in</span> <span class='ocrx_word' id='word_1_132' title='bbox 608 1935 680 1977; x_wconf 87' lang='lat' dir='ltr'>mea</span> <span class='ocrx_word' id='word_1_133' title='bbox 707 1913 778 1978; x_wconf 87' lang='lat' dir='ltr'>vita</span> <span class='ocrx_word' id='word_1_134' title='bbox 805 1918 932 1997; x_wconf 90' lang='lat' dir='ltr'>partem</span> <span class='ocrx_word' id='word_1_135' title='bbox 963 1911 1108 1996; x_wconf 89' lang='lat' dir='ltr'>aliquam</span> <span class='ocrx_word' id='word_1_136' title='bbox 1133 1924 1163 1970; x_wconf 82' lang='lat' dir='ltr'>ao</span> 
     </span>
     <span class='ocr_line' id='line_1_17' title="bbox 64 2016 1108 2101; baseline 0.002 -23"><span class='ocrx_word' id='word_1_137' title='bbox 64 2025 142 2080; x_wconf 92' lang='lat' dir='ltr'>tuae</span> <span class='ocrx_word' id='word_1_138' title='bbox 164 2016 253 2081; x_wconf 88' lang='lat' dir='ltr'>vitae</span> <span class='ocrx_word' id='word_1_139' title='bbox 276 2017 454 2101; x_wconf 88' lang='lat' dir='ltr'>repositam</span> <span class='ocrx_word' id='word_1_140' title='bbox 476 2038 547 2082; x_wconf 87' lang='lat' dir='ltr'>esse</span> <span class='ocrx_word' id='word_1_141' title='bbox 570 2016 744 2081; x_wconf 82' lang='lat' dir='ltr'>dicebant:</span> <span class='ocrx_word' id='word_1_142' title='bbox 770 2037 837 2100; x_wconf 88' lang='lat' dir='ltr'>qua</span> <span class='ocrx_word' id='word_1_143' title='bbox 859 2016 893 2078; x_wconf 94' lang='lat' dir='ltr'>in</span> <span class='ocrx_word' id='word_1_144' title='bbox 915 2036 950 2079; x_wconf 89' lang='lat' dir='ltr'>re</span> <span class='ocrx_word' id='word_1_145' title='bbox 973 2018 1108 2100; x_wconf 89' lang='lat' dir='ltr'>peccavi</span> 
     </span>
     <span class='ocr_line' id='line_1_18' title="bbox 63 2118 1109 2205; baseline 0 -21"><span class='ocrx_word' id='word_1_146' title='bbox 63 2120 292 2204; x_wconf 88' lang='lat' dir='ltr'>scelerateque</span> <span class='ocrx_word' id='word_1_147' title='bbox 308 2119 396 2195; x_wconf 81' lang='lat' dir='ltr'>feci3</span> <span class='ocrx_word' id='word_1_148' title='bbox 420 2141 507 2197; x_wconf 87' lang='lat' dir='ltr'>nam,</span> <span class='ocrx_word' id='word_1_149' title='bbox 524 2121 553 2185; x_wconf 90' lang='lat' dir='ltr'>si</span> <span class='ocrx_word' id='word_1_150' title='bbox 576 2119 780 2196; x_wconf 88' lang='lat' dir='ltr'>occidissem,</span> <span class='ocrx_word' id='word_1_151' title='bbox 798 2141 884 2184; x_wconf 91' lang='lat' dir='ltr'>mors</span> <span class='ocrx_word' id='word_1_152' title='bbox 908 2120 981 2205; x_wconf 89' lang='lat' dir='ltr'>ipsa</span> <span class='ocrx_word' id='word_1_153' title='bbox 1003 2118 1109 2184; x_wconf 86' lang='lat' dir='ltr'>meam</span> 
     </span>
     <span class='ocr_line' id='line_1_19' title="bbox 64 2222 1109 2308; baseline 0.002 -23"><span class='ocrx_word' id='word_1_154' title='bbox 64 2223 222 2307; x_wconf 86' lang='lat' dir='ltr'>pietatem</span> <span class='ocrx_word' id='word_1_155' title='bbox 237 2244 449 2308; x_wconf 89' lang='lat' dir='ltr'>amoremque</span> <span class='ocrx_word' id='word_1_156' title='bbox 466 2225 500 2287; x_wconf 90' lang='lat' dir='ltr'>in</span> <span class='ocrx_word' id='word_1_157' title='bbox 517 2230 550 2288; x_wconf 89' lang='lat' dir='ltr'>te</span> <span class='ocrx_word' id='word_1_158' title='bbox 563 2223 660 2288; x_wconf 86' lang='lat' dir='ltr'>facile</span> <span class='ocrx_word' id='word_1_159' title='bbox 677 2222 893 2289; x_wconf 83' lang='lat' dir='ltr'>defenderet:</span> <span class='ocrx_word' id='word_1_160' title='bbox 917 2245 1008 2288; x_wconf 89' lang='lat' dir='ltr'>nunc</span> <span class='ocrx_word' id='word_1_161' title='bbox 1025 2245 1109 2289; x_wconf 89' lang='lat' dir='ltr'>oom-</span> 
     </span>
     <span class='ocr_line' id='line_1_20' title="bbox 64 2322 1107 2415; baseline 0.003 -25"><span class='ocrx_word' id='word_1_162' title='bbox 64 2328 148 2403; x_wconf 86' lang='lat' dir='ltr'>misi,</span> <span class='ocrx_word' id='word_1_163' title='bbox 165 2336 205 2393; x_wconf 89' lang='lat' dir='ltr'>ut</span> <span class='ocrx_word' id='word_1_164' title='bbox 226 2350 277 2392; x_wconf 88' lang='lat' dir='ltr'>me</span> <span class='ocrx_word' id='word_1_165' title='bbox 300 2329 379 2394; x_wconf 88' lang='lat' dir='ltr'>vivo</span> <span class='ocrx_word' id='word_1_166' title='bbox 403 2349 540 2404; x_wconf 68' lang='lat' dir='ltr'>careres</span> <span class='ocrx_word' id='word_1_167' title='bbox 557 2322 636 2393; x_wconf 85' lang='lat' dir='ltr'>vivo</span> <span class='ocrx_word' id='word_1_168' title='bbox 659 2349 711 2392; x_wconf 90' lang='lat' dir='ltr'>me</span> <span class='ocrx_word' id='word_1_169' title='bbox 738 2328 812 2393; x_wconf 89' lang='lat' dir='ltr'>aliis</span> <span class='ocrx_word' id='word_1_170' title='bbox 840 2328 1107 2415; x_wconf 80' lang='lat' dir='ltr'>indige1·eS,mea</span> 
     </span>
     <span class='ocr_line' id='line_1_21' title="bbox 64 2431 1162 2517; baseline 0 -20"><span class='ocrx_word' id='word_1_171' title='bbox 64 2454 131 2497; x_wconf 86' lang='lat' dir='ltr'>vox</span> <span class='ocrx_word' id='word_1_172' title='bbox 147 2432 182 2494; x_wconf 90' lang='lat' dir='ltr'>in</span> <span class='ocrx_word' id='word_1_173' title='bbox 198 2431 388 2497; x_wconf 88' lang='lat' dir='ltr'>domesticis</span> <span class='ocrx_word' id='word_1_174' title='bbox 404 2432 576 2517; x_wconf 84' lang='lat' dir='ltr'>periculis</span> <span class='ocrx_word' id='word_1_175' title='bbox 589 2433 802 2516; x_wconf 83' lang='lat' dir='ltr'>potissimum</span> <span class='ocrx_word' id='word_1_176' title='bbox 829 2431 1006 2509; x_wconf 82' lang='lat' dir='ltr'>occideret,</span> <span class='ocrx_word' id='word_1_177' title='bbox 1023 2455 1109 2517; x_wconf 90' lang='lat' dir='ltr'>quae</span> <span class='ocrx_word' id='word_1_178' title='bbox 1133 2444 1162 2490; x_wconf 85' lang='lat'>25</span> 
     </span>
     <span class='ocr_line' id='line_1_22' title="bbox 63 2535 1108 2621; baseline 0.001 -21"><span class='ocrx_word' id='word_1_179' title='bbox 63 2557 161 2621; x_wconf 90' lang='lat' dir='ltr'>saepe</span> <span class='ocrx_word' id='word_1_180' title='bbox 182 2536 392 2601; x_wconf 88' lang='lat' dir='ltr'>alienissimis</span> <span class='ocrx_word' id='word_1_181' title='bbox 416 2536 580 2621; x_wconf 87' lang='lat' dir='ltr'>praesidio</span> <span class='ocrx_word' id='word_1_182' title='bbox 603 2535 735 2602; x_wconf 85' lang='lat' dir='ltr'>fuisset.</span> <span class='ocrx_word' id='word_1_183' title='bbox 781 2536 877 2612; x_wconf 87' lang='lat' dir='ltr'>Nam,</span> <span class='ocrx_word' id='word_1_184' title='bbox 895 2535 986 2621; x_wconf 94' lang='lat' dir='ltr'>quod</span> <span class='ocrx_word' id='word_1_185' title='bbox 1008 2536 1052 2600; x_wconf 88' lang='lat' dir='ltr'>ad</span> <span class='ocrx_word' id='word_1_186' title='bbox 1074 2543 1108 2601; x_wconf 89' lang='lat' dir='ltr'>te</span> 
     </span>
     <span class='ocr_line' id='line_1_23' title="bbox 64 2640 1108 2726; baseline 0.002 -22"><span class='ocrx_word' id='word_1_187' title='bbox 64 2641 158 2726; x_wconf 90' lang='lat' dir='ltr'>pueri</span> <span class='ocrx_word' id='word_1_188' title='bbox 174 2641 245 2705; x_wconf 90' lang='lat' dir='ltr'>sine</span> <span class='ocrx_word' id='word_1_189' title='bbox 269 2641 391 2706; x_wconf 87' lang='lat' dir='ltr'>litteris</span> <span class='ocrx_word' id='word_1_190' title='bbox 415 2649 590 2719; x_wconf 88' lang='lat' dir='ltr'>venerunt,</span> <span class='ocrx_word' id='word_1_191' title='bbox 608 2643 766 2726; x_wconf 92' lang='lat' dir='ltr'>quoniam</span> <span class='ocrx_word' id='word_1_192' title='bbox 789 2640 883 2706; x_wconf 88' lang='lat' dir='ltr'>vides</span> <span class='ocrx_word' id='word_1_193' title='bbox 911 2661 978 2704; x_wconf 92' lang='lat' dir='ltr'>non</span> <span class='ocrx_word' id='word_1_194' title='bbox 1005 2640 1108 2706; x_wconf 84' lang='lat' dir='ltr'>fuisse</span> 
     </span>
     <span class='ocr_line' id='line_1_24' title="bbox 63 2742 1108 2832; baseline 0.001 -25"><span class='ocrx_word' id='word_1_195' title='bbox 63 2744 270 2809; x_wconf 90' lang='lat' dir='ltr'>iracundiam</span> <span class='ocrx_word' id='word_1_196' title='bbox 307 2766 449 2821; x_wconf 88' lang='lat' dir='ltr'>causam,</span> <span class='ocrx_word' id='word_1_197' title='bbox 482 2752 570 2810; x_wconf 89' lang='lat' dir='ltr'>certe</span> <span class='ocrx_word' id='word_1_198' title='bbox 601 2747 738 2832; x_wconf 88' lang='lat' dir='ltr'>pigritia</span> <span class='ocrx_word' id='word_1_199' title='bbox 774 2742 842 2809; x_wconf 87' lang='lat' dir='ltr'>fuit</span> <span class='ocrx_word' id='word_1_200' title='bbox 876 2752 911 2809; x_wconf 91' lang='lat' dir='ltr'>et</span> <span class='ocrx_word' id='word_1_201' title='bbox 944 2745 1108 2829; x_wconf 89' lang='lat' dir='ltr'>quaedam</span> 
     </span>
     <span class='ocr_line' id='line_1_25' title="bbox 63 2848 1153 2933; baseline 0.003 -22"><span class='ocrx_word' id='word_1_202' title='bbox 63 2849 195 2912; x_wconf 87' lang='lat' dir='ltr'>infinita</span> <span class='ocrx_word' id='word_1_203' title='bbox 210 2850 260 2913; x_wconf 89' lang='lat' dir='ltr'>vis</span> <span class='ocrx_word' id='word_1_204' title='bbox 276 2848 486 2914; x_wconf 88' lang='lat' dir='ltr'>lacrimarum</span> <span class='ocrx_word' id='word_1_205' title='bbox 502 2858 537 2914; x_wconf 89' lang='lat' dir='ltr'>et</span> <span class='ocrx_word' id='word_1_206' title='bbox 552 2849 717 2914; x_wconf 90' lang='lat' dir='ltr'>dolorum.</span> <span class='ocrx_word' id='word_1_207' title='bbox 764 2848 857 2913; x_wconf 88' lang='lat' dir='ltr'>Haec</span> <span class='ocrx_word' id='word_1_208' title='bbox 880 2849 953 2933; x_wconf 90' lang='lat' dir='ltr'>ipsa</span> <span class='ocrx_word' id='word_1_209' title='bbox 968 2869 1027 2913; x_wconf 89' lang='lat' dir='ltr'>me</span> <span class='ocrx_word' id='word_1_210' title='bbox 1043 2871 1111 2933; x_wconf 94' lang='lat' dir='ltr'>quo</span> <span class='ocrx_word' id='word_1_211' title='bbox 1133 2851 1153 2914; x_wconf 86' lang='grc'><strong>3</strong></span> 
     </span>
    </p>
   </div>
   <div class='ocr_carea' id='block_1_3' title="bbox 59 3044 1112 3410">
    <p class='ocr_par' dir='ltr' id='par_1_3' title="bbox 59 3044 1112 3410">
     <span class='ocr_line' id='line_1_26' title="bbox 96 3044 1112 3108; baseline 0.003 -16"><span class='ocrx_word' id='word_1_212' title='bbox 96 3044 176 3093; x_wconf 82' lang='grc'><strong>7-12.</strong></span> <span class='ocrx_word' id='word_1_213' title='bbox 209 3048 241 3094; x_wconf 86' lang='lat' dir='ltr'>te</span> <span class='ocrx_word' id='word_1_214' title='bbox 264 3081 270 3093; x_wconf 89' lang='lat'>.</span> <span class='ocrx_word' id='word_1_215' title='bbox 292 3081 298 3093; x_wconf 87' lang='lat'><strong>.</strong></span> <span class='ocrx_word' id='word_1_216' title='bbox 320 3080 326 3093; x_wconf 91' lang='lat'>.</span> <span class='ocrx_word' id='word_1_217' title='bbox 348 3045 503 3094; x_wconf 77' lang='lat' dir='ltr'>fortunas:</span> <span class='ocrx_word' id='word_1_218' title='bbox 537 3059 572 3096; x_wconf 87' lang='lat' dir='ltr'>sc.</span> <span class='ocrx_word' id='word_1_219' title='bbox 600 3046 681 3096; x_wconf 86' lang='lat' dir='ltr'>death</span> <span class='ocrx_word' id='word_1_220' title='bbox 696 3046 769 3095; x_wconf 86' lang='lat' dir='ltr'>Ihad</span> <span class='ocrx_word' id='word_1_221' title='bbox 782 3044 1112 3108; x_wconf 80' lang='lat' dir='ltr'>lefttoyoutheheritage</span> 
     </span>
     <span class='ocr_line' id='line_1_27' title="bbox 64 3121 871 3186; baseline 0.001 -15"><span class='ocrx_word' id='word_1_222' title='bbox 64 3123 166 3182; x_wconf 75' lang='lat' dir='ltr'>eripuit</span> <span class='ocrx_word' id='word_1_223' title='bbox 187 3121 258 3171; x_wconf 83' lang='lat' dir='ltr'>from</span> <span class='ocrx_word' id='word_1_224' title='bbox 286 3121 334 3170; x_wconf 88' lang='lat' dir='ltr'>the</span> <span class='ocrx_word' id='word_1_225' title='bbox 363 3122 503 3186; x_wconf 85' lang='lat' dir='ltr'>following</span> <span class='ocrx_word' id='word_1_226' title='bbox 525 3124 576 3172; x_wconf 77' lang='lat' dir='ltr'>err·-</span> <span class='ocrx_word' id='word_1_227' title='bbox 600 3123 630 3172; x_wconf 80' lang='lat' dir='ltr'>of</span> <span class='ocrx_word' id='word_1_228' title='bbox 645 3137 691 3184; x_wconf 89' lang='lat' dir='ltr'>my</span> <span class='ocrx_word' id='word_1_229' title='bbox 702 3122 770 3185; x_wconf 84' lang='lat' dir='ltr'>good</span> <span class='ocrx_word' id='word_1_230' title='bbox 783 3135 871 3172; x_wconf 81' lang='lat' dir='ltr'>name.</span> 
     </span>
     <span class='ocr_line' id='line_1_28' title="bbox 59 3196 1110 3262; baseline 0.002 -16"><span class='ocrx_word' id='word_1_231' title='bbox 59 3199 166 3260; x_wconf 56' lang='lat' dir='ltr'>poeria</span> <span class='ocrx_word' id='word_1_232' title='bbox 194 3198 229 3247; x_wconf 85' lang='lat' dir='ltr'>cf.</span> <span class='ocrx_word' id='word_1_233' title='bbox 254 3197 320 3248; x_wconf 78' lang='lat' dir='ltr'>suli.</span> <span class='ocrx_word' id='word_1_234' title='bbox 345 3196 390 3246; x_wconf 85' lang='lat'>91.</span> <span class='ocrx_word' id='word_1_235' title='bbox 413 3199 452 3248; x_wconf 88' lang='lat'>30.</span> <span class='ocrx_word' id='word_1_236' title='bbox 487 3198 575 3247; x_wconf 89' lang='lat' dir='ltr'>nolu·</span> <span class='ocrx_word' id='word_1_237' title='bbox 631 3196 686 3254; x_wconf 65' lang='lat'>52.</span> <span class='ocrx_word' id='word_1_238' title='bbox 716 3198 818 3246; x_wconf 80' lang='lat'><strong>19-27.</strong></span> <span class='ocrx_word' id='word_1_239' title='bbox 841 3209 949 3255; x_wconf 78' lang='lat' dir='ltr'>voce,</span> <span class='ocrx_word' id='word_1_240' title='bbox 979 3196 1110 3262; x_wconf 69' lang='lat' dir='ltr'>‘appear’</span> 
     </span>
     <span class='ocr_line' id='line_1_29' title="bbox 63 3272 1112 3336; baseline 0.001 -15"><span class='ocrx_word' id='word_1_241' title='bbox 63 3272 153 3321; x_wconf 71' lang='lat' dir='ltr'>edm:</span> <span class='ocrx_word' id='word_1_242' title='bbox 181 3273 225 3321; x_wconf 86' lang='lat' dir='ltr'>for</span> <span class='ocrx_word' id='word_1_243' title='bbox 255 3273 335 3322; x_wconf 89' lang='lat' dir='ltr'>mood</span> <span class='ocrx_word' id='word_1_244' title='bbox 364 3274 400 3323; x_wconf 84' lang='lat' dir='ltr'>of.</span> <span class='ocrx_word' id='word_1_245' title='bbox 429 3275 573 3335; x_wconf 78' lang='lat' dir='ltr'>irascerer,</span> <span class='ocrx_word' id='word_1_246' title='bbox 597 3272 704 3335; x_wconf 79' lang='lat' dir='ltr'>quod.</span> <span class='ocrx_word' id='word_1_247' title='bbox 721 3308 727 3321; x_wconf 92' lang='lat'><strong><em>.</em></strong></span> <span class='ocrx_word' id='word_1_248' title='bbox 744 3272 956 3330; x_wconf 78' lang='lat' dir='ltr'>.dicebant.1n</span> <span class='ocrx_word' id='word_1_249' title='bbox 969 3287 1031 3336; x_wconf 85' lang='lat' dir='ltr'>app.</span> <span class='ocrx_word' id='word_1_250' title='bbox 1045 3273 1112 3324; x_wconf 83' lang='lat' dir='ltr'>with</span> 
     </span>
     <span class='ocr_line' id='line_1_30' title="bbox 64 3347 1111 3410; baseline 0 -14"><span class='ocrx_word' id='word_1_251' title='bbox 64 3348 81 3397; x_wconf 86' lang='lat' dir='ltr'>l.</span> <span class='ocrx_word' id='word_1_252' title='bbox 95 3348 122 3396; x_wconf 87' lang='lat'>4:</span> <span class='ocrx_word' id='word_1_253' title='bbox 140 3348 182 3396; x_wconf 80' lang='lat' dir='ltr'>for</span> <span class='ocrx_word' id='word_1_254' title='bbox 191 3353 267 3397; x_wconf 85' lang='lat' dir='ltr'>tense</span> <span class='ocrx_word' id='word_1_255' title='bbox 280 3362 323 3398; x_wconf 87' lang='lat' dir='ltr'>see</span> <span class='ocrx_word' id='word_1_256' title='bbox 332 3348 379 3398; x_wconf 86' lang='lat' dir='ltr'>the</span> <span class='ocrx_word' id='word_1_257' title='bbox 387 3353 452 3398; x_wconf 85' lang='lat' dir='ltr'>note</span> <span class='ocrx_word' id='word_1_258' title='bbox 461 3363 496 3399; x_wconf 94' lang='lat' dir='ltr'>on</span> <span class='ocrx_word' id='word_1_259' title='bbox 506 3347 571 3399; x_wconf 89' lang='lat' dir='ltr'>Sull.</span> <span class='ocrx_word' id='word_1_260' title='bbox 598 3363 679 3399; x_wconf 85' lang='lat' dir='ltr'>voce:</span> <span class='ocrx_word' id='word_1_261' title='bbox 691 3362 735 3398; x_wconf 83' lang='lat' dir='ltr'>sce</span> <span class='ocrx_word' id='word_1_262' title='bbox 742 3362 777 3397; x_wconf 94' lang='lat' dir='ltr'>on</span> <span class='ocrx_word' id='word_1_263' title='bbox 788 3349 809 3398; x_wconf 92' lang='grc' dir='ltr'>Ι.</span> <span class='ocrx_word' id='word_1_264' title='bbox 824 3347 849 3396; x_wconf 82' lang='grc'>3.</span> <span class='ocrx_word' id='word_1_265' title='bbox 859 3348 899 3398; x_wconf 82' lang='lat'>24.</span> <span class='ocrx_word' id='word_1_266' title='bbox 934 3349 1111 3410; x_wconf 76' lang='lat' dir='ltr'>repositam,</span> 
     </span>
    </p>
   </div>
   <div class='ocr_carea' id='block_1_4' title="bbox 62 3423 1113 3871">
    <p class='ocr_par' dir='ltr' id='par_1_4' title="bbox 62 3423 1113 3871">
     <span class='ocr_line' id='line_1_31' title="bbox 64 3423 1109 3486; baseline 0.003 -15"><span class='ocrx_word' id='word_1_267' title='bbox 64 3423 109 3471; x_wconf 81' lang='lat'>45.</span> <span class='ocrx_word' id='word_1_268' title='bbox 135 3425 159 3485; x_wconf 87' lang='grc'>2,</span> <span class='ocrx_word' id='word_1_269' title='bbox 184 3425 237 3474; x_wconf 86' lang='lat' dir='ltr'>and</span> <span class='ocrx_word' id='word_1_270' title='bbox 261 3426 296 3475; x_wconf 77' lang='lat' dir='ltr'>cf.</span> <span class='ocrx_word' id='word_1_271' title='bbox 321 3426 390 3474; x_wconf 87' lang='lat' dir='ltr'>Mur.</span> <span class='ocrx_word' id='word_1_272' title='bbox 415 3424 460 3472; x_wconf 89' lang='lat'>21.</span> <span class='ocrx_word' id='word_1_273' title='bbox 485 3425 572 3474; x_wconf 81' lang='grc'><strong>31-33.</strong></span> <span class='ocrx_word' id='word_1_274' title='bbox 601 3424 707 3474; x_wconf 85' lang='lat' dir='ltr'>‘bound</span> <span class='ocrx_word' id='word_1_275' title='bbox 730 3424 785 3486; x_wconf 68' lang='lat' dir='ltr'>up!</span> <span class='ocrx_word' id='word_1_276' title='bbox 829 3424 973 3472; x_wconf 78' lang='lat' dir='ltr'>commisi</span> <span class='ocrx_word' id='word_1_277' title='bbox 995 3427 1046 3472; x_wconf 85' lang='lat' dir='ltr'>ut:</span> <span class='ocrx_word' id='word_1_278' title='bbox 1073 3424 1109 3474; x_wconf 85' lang='lat' dir='ltr'>cf·</span> 
     </span>
     <span class='ocr_line' id='line_1_32' title="bbox 63 3498 1111 3562; baseline 0 -14"><span class='ocrx_word' id='word_1_279' title='bbox 63 3512 112 3549; x_wconf 78' lang='lat' dir='ltr'>me</span> <span class='ocrx_word' id='word_1_280' title='bbox 145 3500 248 3550; x_wconf 81' lang='lat' dir='ltr'>videri</span> <span class='ocrx_word' id='word_1_281' title='bbox 281 3500 381 3550; x_wconf 89' lang='lat' dir='ltr'>nolul:</span> <span class='ocrx_word' id='word_1_282' title='bbox 413 3500 518 3562; x_wconf 82' lang='lat' dir='ltr'>regular</span> <span class='ocrx_word' id='word_1_283' title='bbox 545 3515 575 3549; x_wconf 91' lang='lat' dir='ltr'>or</span> <span class='ocrx_word' id='word_1_284' title='bbox 599 3499 797 3562; x_wconf 78' lang='lat' dir='ltr'>Ep.111.2.28.</span> <span class='ocrx_word' id='word_1_285' title='bbox 832 3498 1111 3549; x_wconf 83' lang='lat' dir='ltr'>mevlvo...vivo</span> 
     </span>
     <span class='ocr_line' id='line_1_33' title="bbox 63 3574 1112 3639; baseline -0.001 -15"><span class='ocrx_word' id='word_1_286' title='bbox 63 3576 140 3639; x_wconf 84' lang='lat' dir='ltr'>irreg.</span> <span class='ocrx_word' id='word_1_287' title='bbox 154 3576 363 3626; x_wconf 80' lang='lat' dir='ltr'>construction?</span> <span class='ocrx_word' id='word_1_288' title='bbox 396 3575 446 3627; x_wconf 86' lang='lat' dir='ltr'>See</span> <span class='ocrx_word' id='word_1_289' title='bbox 458 3590 493 3626; x_wconf 90' lang='lat' dir='ltr'>on</span> <span class='ocrx_word' id='word_1_290' title='bbox 505 3575 572 3626; x_wconf 86' lang='lat' dir='ltr'>Sull.</span> <span class='ocrx_word' id='word_1_291' title='bbox 600 3587 663 3623; x_wconf 80' lang='lat' dir='ltr'>me:</span> <span class='ocrx_word' id='word_1_292' title='bbox 690 3575 736 3623; x_wconf 84' lang='lat' dir='ltr'>the</span> <span class='ocrx_word' id='word_1_293' title='bbox 754 3574 811 3623; x_wconf 84' lang='lat' dir='ltr'>first</span> <span class='ocrx_word' id='word_1_294' title='bbox 835 3574 857 3623; x_wconf 85' lang='lat' dir='ltr'>is</span> <span class='ocrx_word' id='word_1_295' title='bbox 879 3575 931 3624; x_wconf 86' lang='lat' dir='ltr'>abl.</span> <span class='ocrx_word' id='word_1_296' title='bbox 951 3574 981 3623; x_wconf 83' lang='lat' dir='ltr'>of</span> <span class='ocrx_word' id='word_1_297' title='bbox 1004 3588 1112 3637; x_wconf 81' lang='lat' dir='ltr'>separa·</span> 
     </span>
     <span class='ocr_line' id='line_1_34' title="bbox 62 3649 1112 3710; baseline -0.002 -10"><span class='ocrx_word' id='word_1_298' title='bbox 62 3649 169 3706; x_wconf 49' lang='lat'><strong>5840.</strong></span> <span class='ocrx_word' id='word_1_299' title='bbox 600 3652 667 3710; x_wconf 85' lang='lat' dir='ltr'>tion,</span> <span class='ocrx_word' id='word_1_300' title='bbox 686 3651 733 3700; x_wconf 81' lang='lat' dir='ltr'>the</span> <span class='ocrx_word' id='word_1_301' title='bbox 750 3649 848 3700; x_wconf 85' lang='lat' dir='ltr'>second</span> <span class='ocrx_word' id='word_1_302' title='bbox 866 3650 918 3700; x_wconf 82' lang='lat' dir='ltr'>abl.</span> <span class='ocrx_word' id='word_1_303' title='bbox 936 3651 991 3700; x_wconf 83' lang='lat' dir='ltr'>aba.</span> <span class='ocrx_word' id='word_1_304' title='bbox 1027 3650 1112 3699; x_wconf 81' lang='lat' dir='ltr'>occi-</span> 
     </span>
     <span class='ocr_line' id='line_1_35' title="bbox 94 3725 1113 3789; baseline -0.001 -12"><span class='ocrx_word' id='word_1_305' title='bbox 94 3729 140 3786; x_wconf 78' lang='lat'>1⁷,</span> <span class='ocrx_word' id='word_1_306' title='bbox 152 3728 197 3778; x_wconf 72' lang='lat' dir='ltr'>la</span> <span class='ocrx_word' id='word_1_307' title='bbox 215 3729 334 3777; x_wconf 81' lang='lat' dir='ltr'>utinam</span> <span class='ocrx_word' id='word_1_308' title='bbox 356 3765 362 3776; x_wconf 90' lang='lat'><strong>.</strong></span> <span class='ocrx_word' id='word_1_309' title='bbox 384 3764 390 3776; x_wconf 93' lang='lat'><strong>.</strong></span> <span class='ocrx_word' id='word_1_310' title='bbox 413 3728 576 3789; x_wconf 71' lang='lat' dir='ltr'>‚reliquus-</span> <span class='ocrx_word' id='word_1_311' title='bbox 601 3726 696 3784; x_wconf 81' lang='lat' dir='ltr'>daret,</span> <span class='ocrx_word' id='word_1_312' title='bbox 718 3727 776 3775; x_wconf 86' lang='lat' dir='ltr'>‘die</span> <span class='ocrx_word' id='word_1_313' title='bbox 793 3725 859 3786; x_wconf 83' lang='lat' dir='ltr'>out,&#39;</span> <span class='ocrx_word' id='word_1_314' title='bbox 881 3726 991 3776; x_wconf 77' lang='lat' dir='ltr'>‘cesse&#39;</span> <span class='ocrx_word' id='word_1_315' title='bbox 1026 3726 1113 3788; x_wconf 84' lang='lat' dir='ltr'>quod</span> 
     </span>
     <span class='ocr_line' id='line_1_36' title="bbox 71 3801 1113 3871; baseline -0.004 -13"><span class='ocrx_word' id='word_1_316' title='bbox 71 3816 136 3868; x_wconf 68' lang='lat' dir='ltr'>tem,</span> <span class='ocrx_word' id='word_1_317' title='bbox 156 3807 210 3867; x_wconf 87' lang='lat' dir='ltr'>i.e.,</span> <span class='ocrx_word' id='word_1_318' title='bbox 236 3805 297 3858; x_wconf 80' lang='lat' dir='ltr'>that</span> <span class='ocrx_word' id='word_1_319' title='bbox 313 3805 348 3871; x_wconf 83' lang='lat' dir='ltr'>by</span> <span class='ocrx_word' id='word_1_320' title='bbox 370 3819 406 3855; x_wconf 82' lang='lat' dir='ltr'>an</span> <span class='ocrx_word' id='word_1_321' title='bbox 431 3803 576 3857; x_wconf 86' lang='lat' dir='ltr'>honorable</span> <span class='ocrx_word' id='word_1_322' title='bbox 601 3839 607 3855; x_wconf 85' lang='lat'><strong>.</strong></span> <span class='ocrx_word' id='word_1_323' title='bbox 624 3837 630 3855; x_wconf 85' lang='lat'>.</span> <span class='ocrx_word' id='word_1_324' title='bbox 647 3838 653 3851; x_wconf 94' lang='lat'><strong>.</strong></span> <span class='ocrx_word' id='word_1_325' title='bbox 670 3804 835 3856; x_wconf 80' lang='lat' dir='ltr'>venerunt:</span> <span class='ocrx_word' id='word_1_326' title='bbox 857 3802 891 3855; x_wconf 79' lang='lat' dir='ltr'>cf.</span> <span class='ocrx_word' id='word_1_327' title='bbox 912 3802 962 3870; x_wconf 83' lang='lat' dir='ltr'>Ep.</span> <span class='ocrx_word' id='word_1_328' title='bbox 982 3801 1061 3855; x_wconf 87' lang='lat' dir='ltr'>XIV.</span> <span class='ocrx_word' id='word_1_329' title='bbox 1085 3801 1113 3854; x_wconf 75' lang='lat'>⁵.</span> 
     </span>
    </p>
   </div>
   <div class='ocr_carea' id='block_1_5' title="bbox 0 0 1344 4260">
    <p class='ocr_par' dir='ltr' id='par_1_5' title="bbox 0 0 1344 4260">
     <span class='ocr_line' id='line_1_37' title="bbox 0 0 1344 4260; baseline 0 0"><span class='ocrx_word' id='word_1_330' title='bbox 0 0 1344 4260; x_wconf 95' lang='lat' dir='ltr'> </span> 
     </span>
    </p>
   </div>
  </div>
 </body>
</html>
