2678 4260
173 223 236 289 566
443 231 516 285 rao
538 231 569 286 r.
595 197 714 287 numo
737 231 882 286 unone
905 233 1054 288 omno.

173 413 316 476 20certe
349 409 453 471 nihilo
486 409 606 471 minus.
665 406 831 488 Quotiens
862 431 924 494 ego
955 409 1036 493 ipse,
1068 405 1210 485 iudices,
1240 429 1281 474 ex

229 515 267 578 P.
285 513 382 577 Clodi
412 513 488 576 telis
512 521 610 576 etex
637 514 784 577 cruentis
809 513 881 577 eius
906 512 1060 577 manibus
1084 511 1215 600 effugi!
1240 535 1280 578 ex

226 618 349 704 quibus
380 619 407 680 si
440 640 490 682 me
519 640 584 681 non
613 619 667 682 vel
696 640 768 681 mea
799 618 854 681 vel
881 618 929 681 rei
957 617 1111 702 publicae
1142 617 1281 682 fortuna

225 730 401 797 servasset,
430 722 505 806 quis
537 723 671 786 tandem
704 721 745 786 de
777 722 917 785 interitu
945 743 1018 786 mco
1046 724 1280 807 quaestionem

226 827 384 891 tulisset?
424 843 503 888 vlu.
529 825 595 890 Sed
610 827 707 891 stulti
723 847 850 900 sumus,
861 827 920 910 qui
938 825 1099 902 Drusum,
1113 827 1175 912 qui
1191 825 1281 891 Afri·

225 951 357 1005 canum,
384 929 592 1014 Pompeium,
618 937 749 994 nosmet
773 930 862 1013 ipsos
891 951 969 994 oum
994 930 1032 993 P.
1059 929 1182 995 Clodio
1206 953 1275 996 con¹

225 1033 312 1099 ferre
344 1033 537 1097 audeamus.
585 1034 786 1098 Tolerabilia
817 1032 959 1099 fuerunt
987 1034 1068 1110 illa3
1108 1034 1147 1097 P.
1181 1034 1277 1100 Clodi

226 1145 366 1202 mortem
382 1160 490 1222 aequo
506 1140 616 1202 animo
632 1138 718 1203 ferre
741 1160 838 1202 nemo
861 1145 992 1222 potest3
1017 1139 1115 1224 luget
1129 1149 1277 1215 senatus

187 1261 202 1304 s
225 1251 351 1307 maeret
378 1250 534 1327 equester
559 1243 648 1317 mdc,
678 1251 749 1307 tota
774 1243 893 1306 civitas
920 1242 1074 1307 confecta
1096 1245 1194 1308 senio
1218 1253 1275 1321 est

225 1347 383 1431 squalent
407 1347 598 1432 municipia,
624 1346 829 1410 afflictantur
855 1347 1015 1423 coloniae,
1032 1349 1104 1432 agri
1130 1347 1276 1433 denique

226 1452 289 1535 ipsi
321 1458 388 1514 tam
419 1449 616 1524 beneficum,
645 1459 713 1514 tarn
743 1449 933 1524 salutarem,
965 1461 1034 1514 tam
1065 1460 1275 1516 mansuetum

173 1559 210 1620 21
226 1555 332 1619 civem
350 1552 551 1618 desiderant.
598 1553 675 1618 Non
694 1553 763 1617 fuit
778 1575 817 1617 ea
833 1575 943 1629 causa,
961 1553 1098 1630 iudices
1115 1555 1275 1640 profecto.

228 1680 295 1722 non
331 1657 407 1734 fuit,
439 1680 499 1721 cur
536 1658 598 1721 sibi
637 1665 789 1722 censeret
828 1657 1007 1743 Pompeius
1046 1660 1277 1743 quaestionem

174 1779 203 1823 10
224 1761 407 1837 ferendam,
438 1761 497 1826 sed
536 1762 633 1825 homo
673 1762 805 1845 sapiens
844 1771 946 1845 atque
984 1763 1053 1825 alta
1089 1771 1126 1826 et
1163 1763 1277 1828 divina

226 1864 372 1951 quadam
388 1873 499 1930 mente
523 1865 696 1949 praeditus
720 1866 827 1928 multa
850 1864 954 1929 vidit:
979 1864 1081 1930 fuisse
1099 1867 1199 1930 illum
1214 1868 1277 1932 sibi

225 1971 409 2045 inimicum,
433 1968 631 2033 familiarem
656 1970 839 2046 Milone1n3
874 1972 909 2034 in
933 1971 1103 2035 communi
1127 1973 1276 2036 omnium

226 2075 353 2139 laetitia
384 2075 412 2137 si
444 2076 545 2138 etiam
575 2075 645 2159 ipse
678 2076 851 2162 gauderet,
884 2077 1006 2152 timuit,
1032 2098 1074 2141 ne
1106 2076 1277 2142 videretur

225 2178 387 2243 infirmior
402 2177 483 2243 fides
509 2180 741 2244 reconciliatae
768 2181 906 2267 gratiae.
953 2179 1065 2244 Multa
1088 2182 1192 2245 etiam
1214 2182 1277 2245 alia

174 2299 202 2342 15
224 2282 320 2357 vidit,
337 2282 396 2346 sed
412 2281 499 2346 illud
516 2284 670 2358 maxime,
689 2285 843 2367 quamvis
866 2285 1024 2348 atrociter
1042 2285 1113 2368 ipse
1132 2286 1275 2360 tulisset

224 2409 282 2450 vos
314 2394 424 2450 tamen
462 2386 597 2452 fortiter
635 2387 852 2453 iudicaturos.
914 2389 1033 2474 Itaque
1073 2387 1203 2476 delegit
1234 2410 1273 2455 cx

227 2489 469 2572 florentissimis
495 2491 666 2556 ordinibus
691 2493 763 2577 ipsa
785 2493 923 2569 lumina,
941 2515 1051 2578 neque
1075 2515 1164 2570 veru,
1186 2492 1275 2579 quod

226 2617 292 2658 non
317 2595 401 2658 nulli
428 2594 595 2672 dictitant,
613 2597 759 2661 secrevit
775 2597 810 2660 in
833 2597 1000 2661 iudicibus
1023 2597 1176 2683 legendis
1200 2599 1277 2662 ami·

224 2721 279 2763 cos
308 2721 407 2763 meos.
455 2699 574 2784 Neque
604 2701 693 2764 enim
717 2699 779 2763 hoo
806 2702 970 2787 cogitavit
993 2702 1045 2765 vir
1071 2702 1274 2766 iustissimus

172 2817 201 2862 20
223 2824 331 2887 neque
363 2803 398 2865 in
429 2803 524 2867 bonis
557 2804 638 2868 viris
672 2803 823 2889 legendis
854 2804 889 2867 id
927 2807 1060 2889 assequi
1098 2807 1275 2889 potuisset,

225 2907 353 2970 etiamsi
385 2907 541 2990 cupisset.
599 2907 675 2970 Non
707 2909 797 2972 enim
828 2930 902 2972 mea
933 2909 1042 2994 gratia
1073 2908 1276 2974 familiarita-

223 3153 329 3202 neither
339 3159 396 3202 acts
408 3167 459 3201 nor
472 3153 620 3202 intentioris
637 3167 687 3201 can
705 3154 737 3202 be
763 3154 817 3204 this
829 3156 931 3205 section
944 3154 966 3203 is
976 3154 1058 3202 bitter
1070 3154 1156 3216 irony.
1192 3154 1275 3217 luget

222 3229 320 3292 judged
344 3229 513 3291 separately:
536 3230 603 3278 both
621 3229 690 3278 have
708 3235 736 3279 to
761 3234 896 3286 senatus,
909 3238 973 3279 etc:
991 3230 1025 3279 cf.
1044 3231 1087 3279 for
1099 3231 1146 3280 the
1160 3231 1276 3294 descrilr

223 3305 255 3354 be
267 3306 430 3354 considered.
761 3307 828 3367 tion,
842 3307 910 3356 Sest.
924 3305 969 3354 32.
983 3307 995 3354 1
1008 3306 1028 3355 f.

255 3382 317 3442 §aa
337 3381 382 3438 50,
394 3381 439 3428 51.
457 3381 630 3440 Quotiens.
647 3416 653 3428 .
670 3416 676 3427 .
694 3381 735 3430 ef·
793 3384 857 3445 521.
871 3381 972 3430 11-14.
989 3381 1084 3439 illum,
1097 3381 1219 3434 Clodius.
1237 3395 1275 3432 no

222 3456 298 3518 fugi:
316 3457 365 3508 We
377 3458 456 3506 know
465 3458 494 3506 of
507 3458 637 3508 nodirect
644 3459 736 3507 attaok
760 3459 920 3508 videretur
937 3494 943 3507 .
960 3494 966 3506 .
983 3494 989 3507 .
1006 3458 1130 3519 gratiae,
1145 3459 1214 3510 ‘lest
1229 3461 1275 3509 the

223 3547 295 3594 upon
316 3533 409 3583 Cicero
427 3535 462 3596 by
477 3533 600 3583 Clodius:
626 3548 669 3582 see
689 3535 736 3583 the
760 3537 940 3597 genuineness
966 3534 995 3583 of
1026 3535 1098 3584 their
1120 3536 1276 3586 reconcilia·

223 3615 287 3658 note
298 3623 334 3658 011
346 3611 416 3659 Mur.
432 3609 477 3658 79.
490 3609 529 3661 27.
760 3613 818 3660 tion
852 3612 940 3674 might
980 3625 1053 3661 seem
1094 3611 1272 3674 impeached)

760 3687 870 3738 Clodius
882 3689 935 3737 and
944 3688 1154 3750 Pompeiushad
1165 3689 1275 3741 become

253 3761 316 3817 1-4.
334 3761 504 3821 secutura
514 3769 579 3813 etc:
592 3763 638 3812 the
646 3763 736 3813 restof
760 3763 910 3813 reconciled
927 3763 957 3812 iu
968 3763 1008 3814 54.
