2678 4260
159 227 221 299 248
415 241 556 295 ORATIO
578 241 621 295 ru
645 239 861 295 oirmmin
883 239 1030 294 rssrm.

211 439 280 503 qua
310 416 504 482 condicione
536 416 673 500 posthac
704 437 760 480 eos
791 437 861 480 esse
893 415 1016 491 velitis
1049 417 1165 500 quise
1195 435 1256 502 pro

209 523 318 588 salute
338 527 449 587 vestra
465 520 649 585 obtulerint
664 519 810 585 invidiae
834 519 1058 605 periculisque
1082 521 1254 597 omnibus3

212 625 294 691 mihi
310 624 447 712 quidem
464 626 526 709 ipsi
549 624 700 708 quidest
723 623 815 708 quod
838 625 904 687 iam
928 623 970 686 ad
994 625 1082 688 vitae
1106 623 1255 689 fructum

211 731 318 816 possit
332 729 476 813 adquiri,
493 751 570 793 cum
591 730 786 813 praesertim
810 750 920 812 neque
945 729 979 790 in
1003 727 1125 794 honore
1143 735 1255 794 vestro

156 853 186 898 25
208 857 316 920 neque
334 835 368 898 in
392 834 499 921 gloria
522 834 660 899 virtutis
686 833 867 918 quicquam
892 831 1024 905 videam
1050 833 1162 909 altius,
1187 855 1255 918 quo

156 940 288 1008 temihi
335 938 451 1003 lubeat
494 937 698 1003 ascendere?
758 937 850 1001 Illud
889 937 1057 1022 perficium
1094 936 1253 1022 profecto,

210 1043 371 1122 Quirites
388 1050 428 1106 ut
444 1065 491 1118 ea,
510 1064 595 1127 quae
611 1044 700 1129 gessi
717 1044 752 1106 in
776 1042 964 1117 consulatu,
987 1042 1138 1126 privatus
1150 1049 1255 1107 tuear

209 1156 309 1232 atque
334 1169 458 1222 ornem,
482 1155 528 1223 ut,
546 1149 574 1211 si
598 1154 739 1231 quaest
763 1145 889 1211 invidia
912 1146 947 1208 in
971 1146 1197 1211 conservanda
1219 1169 1253 1211 re

209 1252 341 1337 publica
357 1259 522 1336 susceptu,
539 1251 650 1315 laedat
666 1250 808 1327 invidos,
827 1250 906 1313 mihi
924 1250 1034 1314 valeat
1049 1249 1091 1313 ad
1103 1250 1253 1336 gloriam.

156 1375 185 1420 30
208 1357 363 1440 Denique
388 1357 435 1420 ita
459 1377 509 1420 me
536 1357 571 1419 in
594 1377 629 1420 rc
653 1355 787 1440 publica
810 1355 968 1432 tractabo,
985 1363 1024 1418 ut
1047 1356 1253 1420 meminerim
1272 1381 1276 1393 =

208 1482 347 1546 semper,
372 1481 458 1544 quae
485 1462 654 1546 gesserim,
682 1482 873 1544 curemque,
898 1466 938 1523 ut
964 1481 1003 1524 ea
1026 1460 1162 1537 virtute,
1187 1482 1254 1525 non

211 1587 290 1631 casu
307 1570 403 1652 gesta
419 1585 489 1629 esse
507 1563 694 1628 videantur.
743 1563 822 1639 Vos,
841 1562 1001 1643 Quirites,
1015 1565 1174 1648 quoniam
1189 1565 1254 1628 iam

208 1678 260 1737 est
286 1691 363 1745 nox,
388 1669 537 1760 uenerati
566 1669 681 1733 Iovem
709 1668 815 1744 illum,
841 1667 1015 1733 custodem
1038 1668 1139 1734 huius
1161 1668 1252 1734 urbis

208 1797 245 1839 ac
269 1780 428 1849 vestrum,
445 1774 481 1837 in
497 1781 607 1838 vestra
631 1779 719 1837 tecta
742 1770 902 1836 discedite
927 1780 962 1837 et
984 1794 1032 1849 ea,
1050 1794 1253 1858 quamquam

154 1895 184 1942 35
206 1881 272 1944 iam
301 1884 353 1944 est
384 1878 572 1962 periculum
598 1876 787 1962 depulsum,
816 1884 929 1941 tamen
954 1897 1059 1961 aeque
1083 1899 1121 1942 ac
1145 1879 1252 1962 priore

210 1990 306 2048 nocte
323 1982 485 2047 custodiis
503 1982 696 2069 vigiliisque
715 1980 899 2067 defendite.¹
945 1981 985 2045 ld
1001 2004 1041 2048 ne
1066 1982 1158 2047 vobis
1182 1982 1253 2047 diu-

206 2089 275 2153 tius
305 2085 501 2151 faciundum
533 2089 587 2162 sit,
619 2095 721 2170 utque
754 2092 793 2150 ut
823 2086 858 2149 in
889 2093 1051 2170 perpetua
1073 2109 1152 2172 pace
1180 2109 1251 2153 esse

209 2192 353 2276 possitis,
370 2191 561 2275 providebo.

204 2336 268 2385 dare
295 2335 441 2384 thereaiter
463 2341 491 2384 to
519 2335 617 2384 defend
646 2335 717 2383 their
769 2332 814 2382 30.
832 2346 881 2383 me
899 2370 904 2381 .
922 2370 927 2382 .
945 2370 951 2382 .
968 2333 1121 2393 tractabo,
1135 2335 1167 2386 ‘1
1183 2335 1252 2386 shall

205 2412 329 2461 interests
342 2418 369 2460 at
382 2414 428 2460 the
440 2413 496 2461 risk
507 2413 536 2461 oi
555 2413 597 2461 his
609 2426 678 2461 own.
738 2424 767 2460 so
776 2411 892 2460 conduct
904 2411 1001 2473 myself
1016 2413 1044 2460 in
1054 2411 1173 2474 politica}
1184 2412 1249 2462 life)

236 2486 336 2536 23-25.
354 2488 438 2537 vitae
461 2488 604 2544 fructum,
630 2487 715 2537 ‘lile’s
737 2487 820 2536 Poiut
831 2492 905 2536 outa
921 2502 1055 2550 synonym
1072 2488 1115 2538 ior
1128 2489 1251 2539 tractato

204 2562 337 2614 rewards)
373 2577 445 2613 cum
465 2564 647 2626 praesertim
666 2565 715 2614 has
738 2563 765 2611 in
777 2561 789 2620 i
802 2565 833 2613 25
845 2565 878 2613 ad
891 2565 935 2614 lin.

204 2642 251 2690 the
268 2655 342 2690 same
360 2642 488 2703 meaning
507 2655 537 2690 as
552 2643 715 2702 praesertim
769 2639 868 2688 32-34.
885 2641 947 2689 iam
959 2645 1098 2691 estnox:
1116 2656 1160 2692 see
1171 2657 1197 2706 p.
1209 2643 1248 2704 35,

205 2733 282 2768 cnm:
307 2719 341 2766 ci.
367 2718 436 2766 Mur.
461 2717 562 2766 2413.
597 2717 714 2767 honore
737 2716 794 2777 §59
816 2717 850 2765 ad
873 2718 917 2766 fin.
954 2721 1101 2776 vestrum,
1122 2719 1250 2781 probably

203 2797 318 2850 vestro,
341 2793 403 2843 ‘the
426 2794 598 2844 distinctions
619 2795 715 2843 within
738 2793 783 2842 the
795 2807 853 2842 rare
864 2809 933 2857 poss.
946 2809 1006 2858 gen.
1021 2795 1088 2858 plur.
1104 2796 1134 2845 oi
1151 2799 1189 2858 tn,
1202 2796 1250 2845 but

204 2884 269 2932 your
280 2870 359 2933 gift3’
379 2871 494 2920 honoris
506 2870 638 2934 regularly
651 2871 714 2920 used
737 2869 853 2932 possibly
876 2871 946 2920 from
970 2874 1073 2921 vester:
1101 2886 1145 2921 see
1167 2887 1203 2922 on
1225 2873 1247 2922 Ι.

203 2948 233 2996 01
246 2947 355 3008 ‘office’
367 2947 420 2996 and
434 2947 527 2997 Cicero
539 2962 632 2997 means
644 2948 713 3009 that,
736 2945 782 2992 14.
794 2948 833 2995 21.

203 3023 305 3087 having
327 3023 389 3072 held
418 3025 465 3072 the
492 3024 600 3086 highest
628 3024 712 3084 office,
768 3021 868 3072 35-38.
886 3028 952 3073 est
989 3024 1168 3087 depulsum:
1207 3025 1250 3076 ior

203 3099 279 3148 there
291 3114 344 3149 was
361 3100 477 3162 nothing
494 3114 568 3149 more
585 3101 619 3149 he
636 3100 714 3149 could
737 3101 815 3149 mood
829 3101 861 3149 Α.
874 3102 930 3162 313,
942 3117 974 3162 θ;
992 3102 1024 3151 G.
1036 3104 1083 3155 607
1090 3117 1096 3164 ;
1109 3103 1143 3152 Η.
1155 3104 1202 3152 515
1212 3103 1249 3166 Ι.;

202 3177 337 3238 aspireto
375 3177 524 3236 quossin
536 3177 605 3225 Mur.
617 3175 662 3225 28
674 3177 711 3226 18.
738 3168 770 3220 Β.
793 3171 878 3223 3092.
913 3178 1010 3235 'aeque
1033 3189 1077 3225 ao.
1111 3178 1146 3230 A.
1159 3181 1208 3232 156
1230 3197 1248 3232 a

203 3251 285 3301 What
298 3253 319 3301 is
332 3253 366 3302 its
378 3252 538 3301 antecedent
550 3253 636 3301 here?
737 3245 774 3298 ad
795 3246 863 3311 fin.;
892 3249 925 3301 G.
949 3252 1014 3314 646;
1040 3251 1077 3303 Η.
1101 3254 1152 3305 554
1175 3253 1199 3308 Ι.
1221 3257 1245 3307 2.

234 3325 298 3382 129.
317 3328 362 3384 27,
385 3328 430 3375 28.
447 3330 483 3375 ut
508 3363 513 3374 .
537 3364 542 3374 .
569 3364 574 3375 .
601 3340 714 3385 ornem,
737 3326 819 3386 note3
844 3323 876 3376 Β.
899 3327 1046 3390 34110);
1070 3329 1105 3381 cf.
1122 3344 1162 3381 on
1172 3329 1246 3382 Mur.

205 3401 281 3452 ‘that
294 3405 306 3452 Ι
319 3404 385 3453 shall
398 3407 510 3466 support
522 3404 575 3453 and
588 3405 711 3468 digniiy.’
736 3403 780 3451 35.
794 3406 831 3453 ll.
868 3405 970 3466 priore
988 3409 1090 3463 nocte,
1105 3408 1152 3456 the
1170 3408 1247 3472 night

202 3478 261 3528 The
283 3479 372 3529 clause
398 3481 419 3529 is
448 3481 475 3528 in
504 3482 657 3543 apposition
686 3489 714 3531 to
736 3481 764 3528 oi
776 3481 822 3529 the
832 3487 922 3531 arrest.
958 3482 1113 3531 custodiis
1121 3483 1247 3545 vigillis·

202 3555 279 3606 illud.
316 3557 385 3605 How
407 3557 471 3605 does
499 3558 520 3605 it
543 3557 622 3606 differ
643 3559 713 3606 from
736 3569 808 3617 que:
837 3558 881 3606 for
902 3558 1060 3608 distinction
1087 3573 1130 3608 see
1159 3574 1195 3609 on
1222 3559 1244 3609 1.

106 3671 108 3675 .
201 3635 232 3681 nt
251 3668 256 3680 .
277 3668 283 3681 .
304 3669 309 3681 .
329 3635 505 3695 statueretur,
524 3635 536 3692 t
555 3635 593 3682 21.
614 3634 714 3683 10-142
735 3633 812 3682 1126.
846 3634 1057 3694 providebo,a
1076 3637 1136 3684 hint
1154 3640 1183 3685 at
1200 3636 1247 3685 the

202 3707 272 3757 from
289 3712 319 3758 nt
337 3746 342 3758 .
363 3745 369 3758 .
389 3745 395 3757 .
416 3712 620 3771 anteponerent,
639 3713 651 3770 t
672 3713 711 3759 22.
736 3710 825 3758 action
838 3715 882 3771 yet
894 3717 922 3758 to
934 3711 966 3758 be
978 3711 1060 3759 taken
1073 3712 1102 3760 in
1113 3712 1207 3775 rogaro
1218 3716 1247 3764 to

201 3782 302 3836 30-551
320 3784 480 3847 privatus,‘
491 3785 518 3833 ln
531 3785 635 3848 private
645 3784 711 3835 lile'
737 3785 782 3834 the
795 3786 937 3849 prisonem.
