2678 4260
173 205 236 272 616
435 222 508 273 rao
531 222 562 273 r.
587 221 707 273 nunro
731 221 874 272 urnonn
897 219 1045 274 enarro,

186 410 201 454 4
223 393 362 470 viveret,
380 392 440 458 sed
460 396 559 458 ctiam
575 402 717 479 praetor,
735 395 861 469 consul,
882 394 1026 458 dictator
1042 400 1131 459 esset
1145 392 1267 478 potius,

151 499 209 564 104
221 520 321 583 quam
352 498 414 562 hoc
446 500 675 583 spectaculum
709 497 876 563 viderem!
924 498 965 574 Ο,
991 498 1025 562 di
1056 498 1267 572 immortales,

225 602 346 667 fortem
386 611 420 667 et
459 625 478 665 a
517 603 621 680 vobis,
663 602 799 679 iudices
836 603 1101 668 conservandum
1141 599 1268 667 viruml

227 708 396 783 ‘Minime
427 707 584 783 minime,'
616 708 738 791 inquit.
795 708 918 772 ‘Immo
950 730 1029 773 vero
1059 728 1183 792 poenas
1214 706 1268 769 ille

226 811 353 876 debitas
378 812 499 887 luerit3
531 833 591 876 nos
615 811 804 888 subeamus,
828 814 856 875 si
881 813 929 875 ita
960 834 1094 877 necesse
1119 818 1179 888 est,
1203 830 1269 874 non

225 917 374 982 debitas.'
438 917 560 981 Hicine
593 919 644 981 vir
674 918 800 1002 patriae
835 925 934 982 natus
969 939 1110 1002 usquam
1141 916 1206 981 nisi
1236 916 1269 977 in

171 1037 201 1082 1o
222 1023 331 1106 patria
362 1023 522 1086 morietur
553 1028 621 1097 aut,
645 1022 673 1085 si
707 1021 803 1098 forte,
835 1045 894 1106 pro
927 1023 1057 1107 patria?
1080 1023 1181 1085 huius
1211 1041 1269 1084 vos

224 1127 326 1189 animi
343 1133 559 1191 monumenta
577 1125 774 1200 retinebitis,
794 1127 939 1211 corporis
964 1128 996 1189 in
1015 1127 1114 1190 ltalia
1137 1124 1269 1187 nullum

223 1231 414 1315 sepulcrum
432 1253 502 1295 esse
514 1231 712 1316 patiemini?
728 1231 818 1294 hune
835 1253 895 1295 sua
909 1233 1088 1315 quisquam
1104 1228 1270 1294 sententia

226 1357 268 1399 ex
292 1335 352 1399 hac
377 1334 456 1399 urbe
482 1335 639 1419 expellet,
665 1357 766 1420 quem
791 1357 904 1398 omnes
928 1335 1025 1399 urbes
1048 1334 1230 1418 expulsum
1252 1352 1270 1394 a

150 1435 312 1500 105v0bis
336 1435 436 1499 adse
460 1435 656 1500 vocabunt?
702 1435 731 1500 Ο
758 1443 878 1500 terram
903 1436 994 1498 illam
1019 1434 1160 1511 beatam,
1186 1456 1269 1521 quae

172 1555 200 1599 15
222 1539 312 1604 hunc
336 1541 445 1603 virum
468 1541 647 1624 exceperit,
668 1539 753 1606 hanc
777 1541 953 1626 ingratam,
978 1541 1006 1604 si
1030 1540 1154 1616 eicerit,
1180 1541 1272 1605 mise-

222 1665 303 1719 ram,
317 1644 344 1706 si
360 1642 525 1708 amiserit!
552 1642 619 1707 Sed
636 1644 711 1708 finis
725 1645 789 1714 sit3
807 1645 1019 1728 nequeenim
1036 1665 1114 1728 prae
1127 1644 1270 1708 lacrimis

224 1748 290 1810 iam
320 1747 415 1830 loqui
446 1768 591 1831 possum,
616 1755 650 1811 et
681 1747 734 1811 hie
766 1769 801 1811 se
833 1748 977 1812 lacrimis
1008 1746 1145 1812 defendi
1168 1755 1269 1813 vetat.

225 1851 296 1915 Vos
321 1872 377 1914 oro
401 1850 626 1934 obtestorque,
652 1851 789 1927 iudices
807 1852 896 1915 utin
912 1852 1090 1916 sententiis
1115 1850 1269 1926 ferendis,

225 1953 317 2038 qnod
347 1954 508 2028 sentietis
542 1952 577 2016 id
607 1953 767 2019 audeatis.
829 1955 987 2018 Vestram
1011 1956 1185 2031 virtutem,
1210 1957 1271 2020 ius-

171 2059 342 2131 aetitiam,
372 2057 480 2131 fidem,
510 2058 592 2121 mihi
621 2058 755 2134 credite,
787 2059 816 2122 is
847 2061 991 2123 maxime
1022 2058 1186 2143 probabit,
1214 2060 1270 2144 qui

224 2163 259 2224 in
291 2161 457 2225 iudicibus
490 2162 640 2247 legendis
675 2165 839 2247 optimum
866 2171 901 2227 et
922 2163 1208 2248 sapientissimum
1238 2170 1271 2228 et

223 2265 442 2331 fortissimum
466 2289 633 2352 quemque
657 2268 769 2354 elegit.

223 2406 540 2413 ...-.----.-.---..
548 2409 1270 2417 w—

255 2471 335 2532 5104.
356 2470 437 2518 6-11.
455 2484 473 2519 a
491 2472 596 2520 vobis:
614 2473 656 2521 ior
674 2472 748 2527 casei
792 2474 873 2534 §roa
893 2473 995 2522 14-16.
1013 2476 1173 2522 terram:
1191 2473 1270 2523 casei

223 2547 257 2596 ci.
272 2547 340 2597 Sest.
359 2547 460 2608 41.1a;
478 2547 643 2610 Srrll.28.2;
662 2549 731 2598 Mur.
760 2548 911 2605 miseram,
943 2550 971 2597 ei
1004 2549 1158 2598 emiserit:
1183 2551 1269 2599 notice

223 2623 268 2671 54.
291 2625 330 2673 26.
376 2623 476 2680 luerit,
502 2624 554 2672 ‘let
583 2625 640 2674 him
665 2626 734 2674 have
761 2626 806 2674 the
817 2627 1014 2687 paronomasia.
1039 2637 1114 2687 prae
1128 2625 1284 2694 lacrimat

223 2699 342 2759 offered,’
357 2705 487 2761 aprotest
498 2702 605 2762 against
617 2701 734 2751 Cicero’s
762 2702 820 2749 ‘for
831 2702 928 2751 tears:’
947 2703 975 2750 in
994 2702 1049 2750 this
1067 2715 1145 2750 sense
1161 2716 1231 2763 prce
1248 2703 1268 2750 ie

222 2777 291 2825 wish
305 2777 332 2824 in
346 2775 372 2824 ll.
386 2776 442 2837 3-5,
456 2777 549 2826 above.
584 2777 617 2825 in
629 2777 734 2826 Italia:
761 2777 845 2826 found
856 2779 883 2825 in
894 2777 987 2827 Cicero
997 2779 1024 2827 in
1034 2779 1158 2840 negative
1169 2778 1269 2828 clauses

223 2851 733 2902 asallItaliantowrrsnowhadRoman
760 2855 831 2916 only.

223 2927 504 2989 citizenship‚pe1·sons
512 2930 593 2992 going
601 2931 659 2980 into
666 2930 736 2979 exile
792 2930 837 2979 20.
861 2929 936 2978 mihi
954 2929 1082 2989 credite,
1095 2931 1165 2980 asin
1178 2929 1267 2981 11.15.

223 3003 278 3054 had
290 3009 319 3052 to
331 3003 406 3053 leave
418 3003 489 3067 Italy
501 3005 658 3069 altogether.
766 3007 803 3057 18,
837 3007 872 3065 is,
884 3007 945 3068 qui,
957 3007 1111 3070 Pompeius.
