<?xml version="1.0" encoding="UTF-8"?>
<!DOCTYPE html PUBLIC "-//W3C//DTD XHTML 1.0 Transitional//EN"
    "http://www.w3.org/TR/xhtml1/DTD/xhtml1-transitional.dtd">
<html xmlns="http://www.w3.org/1999/xhtml" xml:lang="en" lang="en">
 <head>
  <title>
</title>
<meta http-equiv="Content-Type" content="text/html;charset=utf-8" />
  <meta name='ocr-system' content='tesseract 3.04.00' />
  <meta name='ocr-capabilities' content='ocr_page ocr_carea ocr_par ocr_line ocrx_word'/>
</head>
<body>
  <div class='ocr_page' id='page_1' title='image "./selectedoration00cicegoog_0326.png"; bbox 0 0 2678 4260; ppageno 0'>
   <div class='ocr_carea' id='block_1_1' title="bbox 453 199 1194 284">
    <p class='ocr_par' dir='ltr' id='par_1_1' title="bbox 453 199 1194 284">
     <span class='ocr_line' id='line_1_1' title="bbox 453 199 1194 284; baseline 0 -11"><span class='ocrx_word' id='word_1_1' title='bbox 453 215 534 273; x_wconf 78' lang='lat' dir='ltr'>one.</span> <span class='ocrx_word' id='word_1_2' title='bbox 559 213 647 284; x_wconf 71' lang='lat' dir='ltr'>aare</span> <span class='ocrx_word' id='word_1_3' title='bbox 672 222 685 284; x_wconf 74' lang='lat' dir='ltr'>r</span> <span class='ocrx_word' id='word_1_4' title='bbox 708 218 795 274; x_wconf 74' lang='lat' dir='ltr'>tear.</span> <span class='ocrx_word' id='word_1_5' title='bbox 1131 199 1194 274; x_wconf 78' lang='grc'>343</span> 
     </span>
    </p>
   </div>
   <div class='ocr_carea' id='block_1_2' title="bbox 93 392 1195 2146">
    <p class='ocr_par' dir='ltr' id='par_1_2' title="bbox 96 392 1141 584">
     <span class='ocr_line' id='line_1_2' title="bbox 96 392 1141 480; baseline 0.001 -22"><span class='ocrx_word' id='word_1_6' title='bbox 96 403 216 460; x_wconf 83' lang='lat' dir='ltr'>natura</span> <span class='ocrx_word' id='word_1_7' title='bbox 246 393 405 459; x_wconf 77' lang='lat' dir='ltr'>facillime</span> <span class='ocrx_word' id='word_1_8' title='bbox 438 395 591 479; x_wconf 78' lang='lat' dir='ltr'>perspici,</span> <span class='ocrx_word' id='word_1_9' title='bbox 619 393 730 458; x_wconf 90' lang='lat' dir='ltr'>subito</span> <span class='ocrx_word' id='word_1_10' title='bbox 761 392 850 458; x_wconf 85' lang='lat' dir='ltr'>flecti</span> <span class='ocrx_word' id='word_1_11' title='bbox 889 395 1037 480; x_wconf 86' lang='lat' dir='ltr'>fingique</span> <span class='ocrx_word' id='word_1_12' title='bbox 1074 417 1141 459; x_wconf 90' lang='lat' dir='ltr'>non</span> 
     </span>
     <span class='ocr_line' id='line_1_3' title="bbox 96 522 203 584; baseline -0.009 -21"><span class='ocrx_word' id='word_1_13' title='bbox 96 522 203 584; x_wconf 86' lang='lat' dir='ltr'>posse.</span> 
     </span>
    </p>

    <p class='ocr_par' dir='ltr' id='par_1_3' title="bbox 93 603 1195 2146">
     <span class='ocr_line' id='line_1_4' title="bbox 140 603 1195 688; baseline 0.004 -21"><span class='ocrx_word' id='word_1_14' title='bbox 140 621 245 667; x_wconf 83' lang='lat' dir='ltr'>xxrx.</span> <span class='ocrx_word' id='word_1_15' title='bbox 279 603 371 683; x_wconf 81' lang='lat' dir='ltr'>Quid</span> <span class='ocrx_word' id='word_1_16' title='bbox 396 604 499 668; x_wconf 82' lang='lat' dir='ltr'>vero?</span> <span class='ocrx_word' id='word_1_17' title='bbox 525 605 606 668; x_wconf 91' lang='lat' dir='ltr'>haec</span> <span class='ocrx_word' id='word_1_18' title='bbox 622 604 804 668; x_wconf 81' lang='lat' dir='ltr'>auctoritas</span> <span class='ocrx_word' id='word_1_19' title='bbox 824 606 972 688; x_wconf 90' lang='lat' dir='ltr'>(semper</span> <span class='ocrx_word' id='word_1_20' title='bbox 988 606 1076 667; x_wconf 88' lang='lat' dir='ltr'>enim</span> <span class='ocrx_word' id='word_1_21' title='bbox 1092 614 1143 669; x_wconf 87' lang='lat' dir='ltr'>est</span> <span class='ocrx_word' id='word_1_22' title='bbox 1154 609 1195 671; x_wconf 85' lang='lat'>80</span> 
     </span>
     <span class='ocr_line' id='line_1_5' title="bbox 96 708 1141 793; baseline 0.003 -22"><span class='ocrx_word' id='word_1_23' title='bbox 96 709 137 773; x_wconf 90' lang='lat' dir='ltr'>de</span> <span class='ocrx_word' id='word_1_24' title='bbox 165 731 203 773; x_wconf 94' lang='lat' dir='ltr'>ea</span> <span class='ocrx_word' id='word_1_25' title='bbox 230 708 420 784; x_wconf 88' lang='lat' dir='ltr'>dicendum,</span> <span class='ocrx_word' id='word_1_26' title='bbox 445 730 648 793; x_wconf 78' lang='lat' dir='ltr'>quamquain</span> <span class='ocrx_word' id='word_1_27' title='bbox 676 731 695 771; x_wconf 94' lang='lat' dir='ltr'>a</span> <span class='ocrx_word' id='word_1_28' title='bbox 720 730 771 772; x_wconf 91' lang='lat' dir='ltr'>me</span> <span class='ocrx_word' id='word_1_29' title='bbox 800 708 915 772; x_wconf 91' lang='lat' dir='ltr'>timide</span> <span class='ocrx_word' id='word_1_30' title='bbox 946 708 1141 793; x_wconf 83' lang='lat' dir='ltr'>modiceque</span> 
     </span>
     <span class='ocr_line' id='line_1_6' title="bbox 96 812 1142 898; baseline 0 -21"><span class='ocrx_word' id='word_1_31' title='bbox 96 813 257 896; x_wconf 88' lang='lat' dir='ltr'>dicetur),</span> <span class='ocrx_word' id='word_1_32' title='bbox 282 812 391 898; x_wconf 85' lang='lat' dir='ltr'>quid?</span> <span class='ocrx_word' id='word_1_33' title='bbox 417 814 563 897; x_wconf 89' lang='lat' dir='ltr'>inquam,</span> <span class='ocrx_word' id='word_1_34' title='bbox 585 813 666 876; x_wconf 90' lang='lat' dir='ltr'>haee</span> <span class='ocrx_word' id='word_1_35' title='bbox 694 813 874 877; x_wconf 87' lang='lat' dir='ltr'>auotoritas</span> <span class='ocrx_word' id='word_1_36' title='bbox 902 820 1024 882; x_wconf 81' lang='lat' dir='ltr'>nostra,</span> <span class='ocrx_word' id='word_1_37' title='bbox 1042 815 1100 897; x_wconf 89' lang='lat' dir='ltr'>qui</span> <span class='ocrx_word' id='word_1_38' title='bbox 1124 836 1142 877; x_wconf 94' lang='lat' dir='ltr'>a</span> 
     </span>
     <span class='ocr_line' id='line_1_7' title="bbox 95 916 1143 993; baseline 0.002 -12"><span class='ocrx_word' id='word_1_39' title='bbox 95 919 214 983; x_wconf 89' lang='lat' dir='ltr'>ceteris</span> <span class='ocrx_word' id='word_1_40' title='bbox 237 918 475 983; x_wconf 88' lang='lat' dir='ltr'>coniurationis</span> <span class='ocrx_word' id='word_1_41' title='bbox 498 918 607 981; x_wconf 88' lang='lat' dir='ltr'>causis</span> <span class='ocrx_word' id='word_1_42' title='bbox 630 916 863 993; x_wconf 77' lang='lat' dir='ltr'>abstinuimus,</span> <span class='ocrx_word' id='word_1_43' title='bbox 881 917 919 979; x_wconf 92' lang='lat' dir='ltr'>P.</span> <span class='ocrx_word' id='word_1_44' title='bbox 941 917 1067 982; x_wconf 84' lang='lat' dir='ltr'>Sullam</span> <span class='ocrx_word' id='word_1_45' title='bbox 1090 918 1143 983; x_wconf 90' lang='lat' dir='ltr'>de-</span> 
     </span>
     <span class='ocr_line' id='line_1_8' title="bbox 95 1021 1192 1101; baseline -0.003 -17"><span class='ocrx_word' id='word_1_46' title='bbox 95 1021 275 1097; x_wconf 88' lang='lat' dir='ltr'>fendimus,</span> <span class='ocrx_word' id='word_1_47' title='bbox 292 1021 375 1084; x_wconf 89' lang='lat' dir='ltr'>nihil</span> <span class='ocrx_word' id='word_1_48' title='bbox 399 1022 488 1085; x_wconf 90' lang='lat' dir='ltr'>hune</span> <span class='ocrx_word' id='word_1_49' title='bbox 512 1021 648 1084; x_wconf 91' lang='lat' dir='ltr'>tandem</span> <span class='ocrx_word' id='word_1_50' title='bbox 670 1021 825 1101; x_wconf 83' lang='lat' dir='ltr'>iuvabit?</span> <span class='ocrx_word' id='word_1_51' title='bbox 871 1021 981 1085; x_wconf 90' lang='lat' dir='ltr'>Grave</span> <span class='ocrx_word' id='word_1_52' title='bbox 1004 1030 1055 1086; x_wconf 84' lang='lat' dir='ltr'>est</span> <span class='ocrx_word' id='word_1_53' title='bbox 1080 1023 1141 1086; x_wconf 90' lang='lat' dir='ltr'>hoc</span> <span class='ocrx_word' id='word_1_54' title='bbox 1178 1039 1192 1081; x_wconf 81' lang='lat' dir='ltr'>e</span> 
     </span>
     <span class='ocr_line' id='line_1_9' title="bbox 95 1125 1140 1212; baseline -0.002 -22"><span class='ocrx_word' id='word_1_55' title='bbox 95 1126 189 1192; x_wconf 91' lang='lat' dir='ltr'>dictu</span> <span class='ocrx_word' id='word_1_56' title='bbox 212 1125 363 1201; x_wconf 88' lang='lat' dir='ltr'>fortasse,</span> <span class='ocrx_word' id='word_1_57' title='bbox 380 1126 517 1201; x_wconf 69' lang='lat' dir='ltr'>iudices</span> <span class='ocrx_word' id='word_1_58' title='bbox 531 1147 644 1212; x_wconf 85' lang='lat' dir='ltr'>grave,</span> <span class='ocrx_word' id='word_1_59' title='bbox 662 1125 689 1188; x_wconf 87' lang='lat' dir='ltr'>si</span> <span class='ocrx_word' id='word_1_60' title='bbox 713 1126 901 1208; x_wconf 85' lang='lat' dir='ltr'>appetimus</span> <span class='ocrx_word' id='word_1_61' title='bbox 924 1125 1068 1209; x_wconf 87' lang='lat' dir='ltr'>aliquid;</span> <span class='ocrx_word' id='word_1_62' title='bbox 1102 1127 1140 1203; x_wconf 88' lang='lat' dir='ltr'>si,</span> 
     </span>
     <span class='ocr_line' id='line_1_10' title="bbox 94 1230 1142 1314; baseline 0 -19"><span class='ocrx_word' id='word_1_63' title='bbox 94 1252 171 1295; x_wconf 89' lang='lat' dir='ltr'>curn</span> <span class='ocrx_word' id='word_1_64' title='bbox 187 1232 288 1295; x_wconf 89' lang='lat' dir='ltr'>ceteri</span> <span class='ocrx_word' id='word_1_65' title='bbox 305 1230 345 1295; x_wconf 91' lang='lat' dir='ltr'>de</span> <span class='ocrx_word' id='word_1_66' title='bbox 362 1230 458 1294; x_wconf 85' lang='lat' dir='ltr'>nobis</span> <span class='ocrx_word' id='word_1_67' title='bbox 474 1231 585 1305; x_wconf 90' lang='lat' dir='ltr'>silent,</span> <span class='ocrx_word' id='word_1_68' title='bbox 604 1251 670 1294; x_wconf 94' lang='lat' dir='ltr'>non</span> <span class='ocrx_word' id='word_1_69' title='bbox 694 1230 796 1293; x_wconf 89' lang='lat' dir='ltr'>etiam</span> <span class='ocrx_word' id='word_1_70' title='bbox 818 1239 949 1295; x_wconf 89' lang='lat' dir='ltr'>nosmet</span> <span class='ocrx_word' id='word_1_71' title='bbox 971 1230 1032 1314; x_wconf 86' lang='lat' dir='ltr'>ipsi</span> <span class='ocrx_word' id='word_1_72' title='bbox 1056 1237 1142 1295; x_wconf 89' lang='lat' dir='ltr'>taee-</span> 
     </span>
     <span class='ocr_line' id='line_1_11' title="bbox 94 1333 1139 1421; baseline -0.001 -23"><span class='ocrx_word' id='word_1_73' title='bbox 94 1357 179 1411; x_wconf 90' lang='lat' dir='ltr'>mus,</span> <span class='ocrx_word' id='word_1_74' title='bbox 210 1357 333 1421; x_wconf 87' lang='lat' dir='ltr'>grave3</span> <span class='ocrx_word' id='word_1_75' title='bbox 371 1333 440 1410; x_wconf 89' lang='lat' dir='ltr'>sed,</span> <span class='ocrx_word' id='word_1_76' title='bbox 472 1335 500 1398; x_wconf 92' lang='lat' dir='ltr'>si</span> <span class='ocrx_word' id='word_1_77' title='bbox 539 1333 711 1409; x_wconf 88' lang='lat' dir='ltr'>laedimur,</span> <span class='ocrx_word' id='word_1_78' title='bbox 743 1335 771 1397; x_wconf 88' lang='lat' dir='ltr'>si</span> <span class='ocrx_word' id='word_1_79' title='bbox 810 1354 1014 1408; x_wconf 87' lang='lat' dir='ltr'>accusamur,</span> <span class='ocrx_word' id='word_1_80' title='bbox 1046 1335 1073 1398; x_wconf 92' lang='lat' dir='ltr'>si</span> <span class='ocrx_word' id='word_1_81' title='bbox 1106 1335 1139 1397; x_wconf 91' lang='lat' dir='ltr'>in</span> 
     </span>
     <span class='ocr_line' id='line_1_12' title="bbox 94 1436 1140 1521; baseline 0 -19"><span class='ocrx_word' id='word_1_82' title='bbox 94 1439 259 1503; x_wconf 90' lang='lat' dir='ltr'>invidiam</span> <span class='ocrx_word' id='word_1_83' title='bbox 275 1459 440 1514; x_wconf 84' lang='lat' dir='ltr'>vocamur,</span> <span class='ocrx_word' id='word_1_84' title='bbox 459 1436 609 1521; x_wconf 86' lang='lat' dir='ltr'>profecto</span> <span class='ocrx_word' id='word_1_85' title='bbox 626 1437 818 1512; x_wconf 75' lang='lat' dir='ltr'>conceditis,</span> <span class='ocrx_word' id='word_1_86' title='bbox 836 1436 973 1512; x_wconf 70' lang='lat' dir='ltr'>iudices</span> <span class='ocrx_word' id='word_1_87' title='bbox 991 1445 1030 1501; x_wconf 93' lang='lat' dir='ltr'>ut</span> <span class='ocrx_word' id='word_1_88' title='bbox 1046 1438 1140 1502; x_wconf 91' lang='lat' dir='ltr'>nobis</span> 
     </span>
     <span class='ocr_line' id='line_1_13' title="bbox 94 1541 1192 1626; baseline -0.003 -21"><span class='ocrx_word' id='word_1_89' title='bbox 94 1543 283 1608; x_wconf 90' lang='lat' dir='ltr'>libertatem</span> <span class='ocrx_word' id='word_1_90' title='bbox 308 1543 454 1608; x_wconf 89' lang='lat' dir='ltr'>retinere</span> <span class='ocrx_word' id='word_1_91' title='bbox 482 1542 591 1618; x_wconf 89' lang='lat' dir='ltr'>liceat,</span> <span class='ocrx_word' id='word_1_92' title='bbox 608 1541 637 1605; x_wconf 92' lang='lat' dir='ltr'>si</span> <span class='ocrx_word' id='word_1_93' title='bbox 665 1542 775 1604; x_wconf 89' lang='lat' dir='ltr'>minus</span> <span class='ocrx_word' id='word_1_94' title='bbox 803 1542 904 1605; x_wconf 88' lang='lat' dir='ltr'>liceat</span> <span class='ocrx_word' id='word_1_95' title='bbox 931 1541 1139 1626; x_wconf 84' lang='lat' dir='ltr'>dignitatem.</span> <span class='ocrx_word' id='word_1_96' title='bbox 1164 1558 1192 1602; x_wconf 93' lang='lat'>10</span> 
     </span>
     <span class='ocr_line' id='line_1_14' title="bbox 95 1644 1188 1720; baseline -0.002 -8"><span class='ocrx_word' id='word_1_97' title='bbox 95 1648 256 1712; x_wconf 88' lang='lat' dir='ltr'>Accusati</span> <span class='ocrx_word' id='word_1_98' title='bbox 271 1654 353 1711; x_wconf 88' lang='lat' dir='ltr'>sunt</span> <span class='ocrx_word' id='word_1_99' title='bbox 376 1669 444 1710; x_wconf 92' lang='lat' dir='ltr'>uno</span> <span class='ocrx_word' id='word_1_100' title='bbox 467 1646 599 1710; x_wconf 90' lang='lat' dir='ltr'>nomine</span> <span class='ocrx_word' id='word_1_101' title='bbox 622 1646 821 1720; x_wconf 69' lang='lat' dir='ltr'>consulares</span> <span class='ocrx_word' id='word_1_102' title='bbox 839 1652 878 1709; x_wconf 94' lang='lat' dir='ltr'>ut</span> <span class='ocrx_word' id='word_1_103' title='bbox 900 1646 964 1708; x_wconf 87' lang='lat' dir='ltr'>iarn</span> <span class='ocrx_word' id='word_1_104' title='bbox 987 1644 1141 1710; x_wconf 87' lang='lat' dir='ltr'>videatur</span> <span class='ocrx_word' id='word_1_105' title='bbox 1151 1649 1188 1711; x_wconf 86' lang='lat'>81</span> 
     </span>
     <span class='ocr_line' id='line_1_15' title="bbox 95 1748 1139 1835; baseline -0.001 -21"><span class='ocrx_word' id='word_1_106' title='bbox 95 1753 227 1815; x_wconf 91' lang='lat' dir='ltr'>honoris</span> <span class='ocrx_word' id='word_1_107' title='bbox 244 1750 438 1835; x_wconf 89' lang='lat' dir='ltr'>amplissimi</span> <span class='ocrx_word' id='word_1_108' title='bbox 455 1771 576 1814; x_wconf 90' lang='lat' dir='ltr'>nomen</span> <span class='ocrx_word' id='word_1_109' title='bbox 591 1750 668 1834; x_wconf 89' lang='lat' dir='ltr'>plns</span> <span class='ocrx_word' id='word_1_110' title='bbox 684 1749 829 1813; x_wconf 90' lang='lat' dir='ltr'>invidiae</span> <span class='ocrx_word' id='word_1_111' title='bbox 847 1771 946 1833; x_wconf 91' lang='lat' dir='ltr'>quam</span> <span class='ocrx_word' id='word_1_112' title='bbox 965 1748 1139 1834; x_wconf 86' lang='lat' dir='ltr'>dignitatis</span> 
     </span>
     <span class='ocr_line' id='line_1_16' title="bbox 93 1853 1140 1938; baseline -0.002 -20"><span class='ocrx_word' id='word_1_113' title='bbox 93 1855 233 1920; x_wconf 89' lang='lat' dir='ltr'>adferre.</span> <span class='ocrx_word' id='word_1_114' title='bbox 282 1853 517 1930; x_wconf 77' lang='lat' dir='ltr'>‘Adfuerunt’</span> <span class='ocrx_word' id='word_1_115' title='bbox 535 1855 657 1938; x_wconf 88' lang='lat' dir='ltr'>inquit,</span> <span class='ocrx_word' id='word_1_116' title='bbox 676 1853 861 1918; x_wconf 84' lang='lat' dir='ltr'>‘Catilinae</span> <span class='ocrx_word' id='word_1_117' title='bbox 886 1854 1048 1938; x_wconf 88' lang='lat' dir='ltr'>illumque</span> <span class='ocrx_word' id='word_1_118' title='bbox 1071 1854 1140 1916; x_wconf 91' lang='lat' dir='ltr'>lan·</span> 
     </span>
     <span class='ocr_line' id='line_1_17' title="bbox 93 1957 1139 2044; baseline 0.001 -23"><span class='ocrx_word' id='word_1_119' title='bbox 93 1958 236 2023; x_wconf 86' lang='lat' dir='ltr'>darunt’</span> <span class='ocrx_word' id='word_1_120' title='bbox 283 1957 388 2021; x_wconf 92' lang='lat' dir='ltr'>Nulla</span> <span class='ocrx_word' id='word_1_121' title='bbox 403 1965 475 2022; x_wconf 92' lang='lat' dir='ltr'>tum</span> <span class='ocrx_word' id='word_1_122' title='bbox 498 1957 642 2042; x_wconf 90' lang='lat' dir='ltr'>patebat,</span> <span class='ocrx_word' id='word_1_123' title='bbox 659 1958 754 2020; x_wconf 91' lang='lat' dir='ltr'>nulla</span> <span class='ocrx_word' id='word_1_124' title='bbox 776 1964 848 2022; x_wconf 90' lang='lat' dir='ltr'>erat</span> <span class='ocrx_word' id='word_1_125' title='bbox 870 1959 1004 2044; x_wconf 84' lang='lat' dir='ltr'>cognita</span> <span class='ocrx_word' id='word_1_126' title='bbox 1027 1959 1139 2022; x_wconf 92' lang='lat' dir='ltr'>coniu-</span> 
     </span>
     <span class='ocr_line' id='line_1_18' title="bbox 93 2061 1190 2146; baseline -0.003 -20"><span class='ocrx_word' id='word_1_127' title='bbox 93 2065 198 2139; x_wconf 86' lang='lat' dir='ltr'>rati03</span> <span class='ocrx_word' id='word_1_128' title='bbox 222 2061 451 2128; x_wconf 76' lang='lat' dir='ltr'>defendebant</span> <span class='ocrx_word' id='word_1_129' title='bbox 466 2063 618 2137; x_wconf 88' lang='lat' dir='ltr'>amicum,</span> <span class='ocrx_word' id='word_1_130' title='bbox 636 2061 775 2127; x_wconf 90' lang='lat' dir='ltr'>aderant</span> <span class='ocrx_word' id='word_1_131' title='bbox 789 2062 943 2146; x_wconf 90' lang='lat' dir='ltr'>supplici,</span> <span class='ocrx_word' id='word_1_132' title='bbox 961 2064 1050 2127; x_wconf 89' lang='lat' dir='ltr'>vitae</span> <span class='ocrx_word' id='word_1_133' title='bbox 1067 2064 1138 2128; x_wconf 89' lang='lat' dir='ltr'>eius</span> <span class='ocrx_word' id='word_1_134' title='bbox 1161 2079 1190 2124; x_wconf 82' lang='lat'>15</span> 
     </span>
    </p>
   </div>
   <div class='ocr_carea' id='block_1_3' title="bbox 92 2311 1138 3828">
    <p class='ocr_par' dir='ltr' id='par_1_4' title="bbox 92 2311 1138 2603">
     <span class='ocr_line' id='line_1_19' title="bbox 125 2311 1136 2373; baseline 0 -13"><span class='ocrx_word' id='word_1_135' title='bbox 125 2311 169 2360; x_wconf 82' lang='grc'>36.</span> <span class='ocrx_word' id='word_1_136' title='bbox 186 2311 272 2360; x_wconf 83' lang='lat' dir='ltr'>flecti</span> <span class='ocrx_word' id='word_1_137' title='bbox 289 2311 430 2372; x_wconf 78' lang='lat' dir='ltr'>fingique,</span> <span class='ocrx_word' id='word_1_138' title='bbox 443 2324 473 2359; x_wconf 87' lang='lat' dir='ltr'>as</span> <span class='ocrx_word' id='word_1_139' title='bbox 490 2324 550 2368; x_wconf 86' lang='lat' dir='ltr'>can,</span> <span class='ocrx_word' id='word_1_140' title='bbox 569 2324 604 2358; x_wconf 92' lang='lat' dir='ltr'>on</span> <span class='ocrx_word' id='word_1_141' title='bbox 627 2311 767 2373; x_wconf 79' lang='lat' dir='ltr'>repeating</span> <span class='ocrx_word' id='word_1_142' title='bbox 783 2311 850 2371; x_wconf 82' lang='lat' dir='ltr'>qnid</span> <span class='ocrx_word' id='word_1_143' title='bbox 862 2325 942 2361; x_wconf 82' lang='lat' dir='ltr'>aero:</span> <span class='ocrx_word' id='word_1_144' title='bbox 960 2311 994 2360; x_wconf 84' lang='lat' dir='ltr'>ef.</span> <span class='ocrx_word' id='word_1_145' title='bbox 1014 2312 1028 2372; x_wconf 67' lang='grc'>5</span> <span class='ocrx_word' id='word_1_146' title='bbox 1045 2311 1083 2362; x_wconf 78' lang='grc'>76.</span> <span class='ocrx_word' id='word_1_147' title='bbox 1097 2312 1136 2360; x_wconf 87' lang='grc'>24.</span> 
     </span>
     <span class='ocr_line' id='line_1_20' title="bbox 93 2387 1136 2449; baseline 0 -12"><span class='ocrx_word' id='word_1_148' title='bbox 93 2389 140 2438; x_wconf 85' lang='lat' dir='ltr'>the</span> <span class='ocrx_word' id='word_1_149' title='bbox 160 2388 339 2448; x_wconf 76' lang='lat' dir='ltr'>etheriano,</span> <span class='ocrx_word' id='word_1_150' title='bbox 361 2388 407 2437; x_wconf 89' lang='lat' dir='ltr'>the</span> <span class='ocrx_word' id='word_1_151' title='bbox 427 2387 554 2437; x_wconf 87' lang='lat' dir='ltr'>evidence</span> <span class='ocrx_word' id='word_1_152' title='bbox 576 2387 606 2437; x_wconf 87' lang='lat' dir='ltr'>of</span> <span class='ocrx_word' id='word_1_153' title='bbox 627 2387 754 2435; x_wconf 85' lang='lat' dir='ltr'>ceteris:</span> <span class='ocrx_word' id='word_1_154' title='bbox 784 2387 938 2435; x_wconf 78' lang='lat' dir='ltr'>nientioned</span> <span class='ocrx_word' id='word_1_155' title='bbox 962 2402 987 2449; x_wconf 91' lang='lat' dir='ltr'>p.</span> <span class='ocrx_word' id='word_1_156' title='bbox 1002 2389 1042 2449; x_wconf 82' lang='lat'>40,</span> <span class='ocrx_word' id='word_1_157' title='bbox 1064 2389 1077 2449; x_wconf 67' lang='grc' dir='ltr'><strong>ἓ</strong></span> <span class='ocrx_word' id='word_1_158' title='bbox 1097 2388 1136 2439; x_wconf 79' lang='grc'>71.</span> 
     </span>
     <span class='ocr_line' id='line_1_21' title="bbox 93 2461 1138 2527; baseline -0.001 -14"><span class='ocrx_word' id='word_1_159' title='bbox 93 2465 180 2514; x_wconf 87' lang='lat' dir='ltr'>slaves</span> <span class='ocrx_word' id='word_1_160' title='bbox 202 2479 275 2527; x_wconf 91' lang='lat' dir='ltr'>upon</span> <span class='ocrx_word' id='word_1_161' title='bbox 296 2465 344 2512; x_wconf 91' lang='lat' dir='ltr'>the</span> <span class='ocrx_word' id='word_1_162' title='bbox 366 2464 439 2513; x_wconf 88' lang='lat' dir='ltr'>raek.</span> <span class='ocrx_word' id='word_1_163' title='bbox 482 2464 535 2513; x_wconf 84' lang='lat' dir='ltr'>For</span> <span class='ocrx_word' id='word_1_164' title='bbox 557 2464 604 2513; x_wconf 90' lang='lat' dir='ltr'>the</span> <span class='ocrx_word' id='word_1_165' title='bbox 627 2461 841 2519; x_wconf 79' lang='lat' dir='ltr'>abstinuimus,</span> <span class='ocrx_word' id='word_1_166' title='bbox 851 2463 942 2522; x_wconf 85' lang='lat' dir='ltr'>i.e.,as</span> <span class='ocrx_word' id='word_1_167' title='bbox 952 2463 1075 2524; x_wconf 61' lang='lat' dir='ltr'>offensor</span> <span class='ocrx_word' id='word_1_168' title='bbox 1084 2464 1138 2513; x_wconf 89' lang='lat' dir='ltr'>and</span> 
     </span>
     <span class='ocr_line' id='line_1_22' title="bbox 92 2539 1137 2603; baseline -0.002 -13"><span class='ocrx_word' id='word_1_169' title='bbox 92 2542 210 2603; x_wconf 83' lang='lat' dir='ltr'>thought</span> <span class='ocrx_word' id='word_1_170' title='bbox 223 2541 257 2590; x_wconf 86' lang='lat' dir='ltr'>ei.</span> <span class='ocrx_word' id='word_1_171' title='bbox 272 2541 337 2602; x_wconf 65' lang='grc'><strong>669.</strong></span> <span class='ocrx_word' id='word_1_172' title='bbox 351 2541 375 2603; x_wconf 83' lang='grc'>5,</span> <span class='ocrx_word' id='word_1_173' title='bbox 388 2541 412 2590; x_wconf 92' lang='grc'>6.</span> <span class='ocrx_word' id='word_1_174' title='bbox 628 2539 764 2598; x_wconf 81' lang='lat' dir='ltr'>laudator,</span> <span class='ocrx_word' id='word_1_175' title='bbox 780 2540 806 2587; x_wconf 91' lang='lat' dir='ltr'>in</span> <span class='ocrx_word' id='word_1_176' title='bbox 825 2539 927 2588; x_wconf 88' lang='lat' dir='ltr'>several</span> <span class='ocrx_word' id='word_1_177' title='bbox 945 2553 1019 2589; x_wconf 87' lang='lat' dir='ltr'>cases</span> <span class='ocrx_word' id='word_1_178' title='bbox 1032 2541 1066 2588; x_wconf 85' lang='lat' dir='ltr'>ire</span> <span class='ocrx_word' id='word_1_179' title='bbox 1083 2539 1137 2588; x_wconf 88' lang='lat' dir='ltr'>had</span> 
     </span>
    </p>

    <p class='ocr_par' dir='ltr' id='par_1_5' title="bbox 150 2616 1138 2679">
     <span class='ocr_line' id='line_1_23' title="bbox 150 2616 1138 2679; baseline 0.005 -17"><span class='ocrx_word' id='word_1_180' title='bbox 150 2673 153 2678; x_wconf 21' lang='grc' dir='ltr'>Ι</span> <span class='ocrx_word' id='word_1_181' title='bbox 625 2616 706 2678; x_wconf 85' lang='lat' dir='ltr'>given</span> <span class='ocrx_word' id='word_1_182' title='bbox 726 2617 872 2677; x_wconf 81' lang='lat' dir='ltr'>testimony</span> <span class='ocrx_word' id='word_1_183' title='bbox 893 2617 935 2664; x_wconf 86' lang='lat' dir='ltr'>ior·</span> <span class='ocrx_word' id='word_1_184' title='bbox 949 2618 997 2664; x_wconf 84' lang='lat' dir='ltr'>tire</span> <span class='ocrx_word' id='word_1_185' title='bbox 1015 2631 1138 2679; x_wconf 88' lang='lat' dir='ltr'>prosecu-</span> 
     </span>
    </p>

    <p class='ocr_par' dir='ltr' id='par_1_6' title="bbox 92 2691 1138 3442">
     <span class='ocr_line' id='line_1_24' title="bbox 124 2691 1138 2757; baseline -0.001 -14"><span class='ocrx_word' id='word_1_186' title='bbox 124 2693 231 2757; x_wconf 85' lang='lat' dir='ltr'>Finally</span> <span class='ocrx_word' id='word_1_187' title='bbox 244 2693 286 2755; x_wconf 61' lang='grc' dir='ltr'>(ἓξ</span> <span class='ocrx_word' id='word_1_188' title='bbox 297 2691 387 2756; x_wconf 78' lang='grc'>80-87)</span> <span class='ocrx_word' id='word_1_189' title='bbox 401 2692 603 2743; x_wconf 79' lang='lat' dir='ltr'>Cicerothrows</span> <span class='ocrx_word' id='word_1_190' title='bbox 626 2693 691 2741; x_wconf 85' lang='lat' dir='ltr'>tion.</span> <span class='ocrx_word' id='word_1_191' title='bbox 727 2705 819 2753; x_wconf 83' lang='lat' dir='ltr'>grave</span> <span class='ocrx_word' id='word_1_192' title='bbox 831 2695 887 2749; x_wconf 84' lang='lat' dir='ltr'>eat,</span> <span class='ocrx_word' id='word_1_193' title='bbox 899 2691 1001 2741; x_wconf 84' lang='lat' dir='ltr'>‘worrld</span> <span class='ocrx_word' id='word_1_194' title='bbox 1015 2694 1138 2742; x_wconf 83' lang='lat' dir='ltr'>beoffen-</span> 
     </span>
     <span class='ocr_line' id='line_1_25' title="bbox 93 2768 1137 2833; baseline 0.001 -15"><span class='ocrx_word' id='word_1_195' title='bbox 93 2771 139 2820; x_wconf 87' lang='lat' dir='ltr'>the</span> <span class='ocrx_word' id='word_1_196' title='bbox 151 2770 251 2833; x_wconf 89' lang='lat' dir='ltr'>weight</span> <span class='ocrx_word' id='word_1_197' title='bbox 262 2771 291 2818; x_wconf 85' lang='lat' dir='ltr'>oi</span> <span class='ocrx_word' id='word_1_198' title='bbox 307 2769 350 2819; x_wconf 88' lang='lat' dir='ltr'>his</span> <span class='ocrx_word' id='word_1_199' title='bbox 362 2768 486 2832; x_wconf 87' lang='lat' dir='ltr'>personal</span> <span class='ocrx_word' id='word_1_200' title='bbox 498 2770 604 2818; x_wconf 88' lang='lat' dir='ltr'>charae·</span> <span class='ocrx_word' id='word_1_201' title='bbox 626 2768 708 2819; x_wconf 73' lang='lat' dir='ltr'>sivez&#39;</span> <span class='ocrx_word' id='word_1_202' title='bbox 728 2769 771 2819; x_wconf 84' lang='lat' dir='ltr'>for</span> <span class='ocrx_word' id='word_1_203' title='bbox 785 2768 864 2818; x_wconf 91' lang='lat' dir='ltr'>mood</span> <span class='ocrx_word' id='word_1_204' title='bbox 877 2783 920 2817; x_wconf 88' lang='lat' dir='ltr'>see</span> <span class='ocrx_word' id='word_1_205' title='bbox 937 2783 972 2817; x_wconf 91' lang='lat' dir='ltr'>on</span> <span class='ocrx_word' id='word_1_206' title='bbox 991 2770 1012 2818; x_wconf 88' lang='grc' dir='ltr'>Ι.</span> <span class='ocrx_word' id='word_1_207' title='bbox 1030 2769 1075 2818; x_wconf 88' lang='lat'>12.</span> <span class='ocrx_word' id='word_1_208' title='bbox 1093 2771 1137 2831; x_wconf 81' lang='lat'>263</span> 
     </span>
     <span class='ocr_line' id='line_1_26' title="bbox 93 2845 1137 2907; baseline 0.001 -12"><span class='ocrx_word' id='word_1_209' title='bbox 93 2852 134 2896; x_wconf 88' lang='lat' dir='ltr'>ter</span> <span class='ocrx_word' id='word_1_210' title='bbox 156 2847 215 2895; x_wconf 88' lang='lat' dir='ltr'>into</span> <span class='ocrx_word' id='word_1_211' title='bbox 234 2847 279 2896; x_wconf 88' lang='lat' dir='ltr'>the</span> <span class='ocrx_word' id='word_1_212' title='bbox 297 2846 380 2896; x_wconf 89' lang='lat' dir='ltr'>scales</span> <span class='ocrx_word' id='word_1_213' title='bbox 398 2847 441 2896; x_wconf 89' lang='lat' dir='ltr'>for</span> <span class='ocrx_word' id='word_1_214' title='bbox 458 2845 541 2906; x_wconf 89' lang='lat' dir='ltr'>Sulla,</span> <span class='ocrx_word' id='word_1_215' title='bbox 560 2846 604 2895; x_wconf 80' lang='lat' dir='ltr'>(ie-</span> <span class='ocrx_word' id='word_1_216' title='bbox 626 2845 672 2894; x_wconf 86' lang='lat' dir='ltr'>the</span> <span class='ocrx_word' id='word_1_217' title='bbox 694 2846 811 2907; x_wconf 89' lang='lat' dir='ltr'>position</span> <span class='ocrx_word' id='word_1_218' title='bbox 835 2846 864 2895; x_wconf 85' lang='lat' dir='ltr'>of</span> <span class='ocrx_word' id='word_1_219' title='bbox 886 2859 969 2906; x_wconf 70' lang='lat' dir='ltr'>grone</span> <span class='ocrx_word' id='word_1_220' title='bbox 993 2845 1137 2896; x_wconf 84' lang='lat' dir='ltr'>illustrates</span> 
     </span>
     <span class='ocr_line' id='line_1_27' title="bbox 93 2922 1138 2985; baseline -0.002 -13"><span class='ocrx_word' id='word_1_221' title='bbox 93 2923 195 2985; x_wconf 88' lang='lat' dir='ltr'>claring</span> <span class='ocrx_word' id='word_1_222' title='bbox 207 2923 267 2971; x_wconf 85' lang='lat' dir='ltr'>that</span> <span class='ocrx_word' id='word_1_223' title='bbox 278 2924 312 2971; x_wconf 89' lang='lat' dir='ltr'>he</span> <span class='ocrx_word' id='word_1_224' title='bbox 325 2922 378 2971; x_wconf 87' lang='lat' dir='ltr'>had</span> <span class='ocrx_word' id='word_1_225' title='bbox 390 2922 476 2973; x_wconf 87' lang='lat' dir='ltr'>found</span> <span class='ocrx_word' id='word_1_226' title='bbox 488 2922 604 2985; x_wconf 85' lang='lat' dir='ltr'>nothing</span> <span class='ocrx_word' id='word_1_227' title='bbox 627 2922 691 2970; x_wconf 87' lang='lat' dir='ltr'>botir</span> <span class='ocrx_word' id='word_1_228' title='bbox 704 2923 842 2984; x_wconf 81' lang='lat' dir='ltr'>anaphora</span> <span class='ocrx_word' id='word_1_229' title='bbox 860 2922 912 2970; x_wconf 88' lang='lat' dir='ltr'>and</span> <span class='ocrx_word' id='word_1_230' title='bbox 931 2922 1074 2971; x_wconf 82' lang='lat' dir='ltr'>elriasmns.</span> <span class='ocrx_word' id='word_1_231' title='bbox 1109 2923 1138 2970; x_wconf 79' lang='lat' dir='ltr'>si</span> 
     </span>
     <span class='ocr_line' id='line_1_28' title="bbox 92 2998 1137 3061; baseline 0 -14"><span class='ocrx_word' id='word_1_232' title='bbox 92 3000 198 3061; x_wconf 85' lang='lat' dir='ltr'>against</span> <span class='ocrx_word' id='word_1_233' title='bbox 210 2999 267 3047; x_wconf 88' lang='lat' dir='ltr'>him</span> <span class='ocrx_word' id='word_1_234' title='bbox 280 2998 360 3048; x_wconf 82' lang='lat' dir='ltr'>virile</span> <span class='ocrx_word' id='word_1_235' title='bbox 377 2999 411 3048; x_wconf 89' lang='lat' dir='ltr'>he</span> <span class='ocrx_word' id='word_1_236' title='bbox 424 3012 478 3048; x_wconf 89' lang='lat' dir='ltr'>was</span> <span class='ocrx_word' id='word_1_237' title='bbox 496 2998 605 3047; x_wconf 89' lang='lat' dir='ltr'>investi·</span> <span class='ocrx_word' id='word_1_238' title='bbox 626 2998 802 3060; x_wconf 80' lang='lat' dir='ltr'>appetimus</span> <span class='ocrx_word' id='word_1_239' title='bbox 819 2998 945 3059; x_wconf 86' lang='lat' dir='ltr'>aliquid,</span> <span class='ocrx_word' id='word_1_240' title='bbox 959 2998 996 3047; x_wconf 82' lang='lat' dir='ltr'>‘ii</span> <span class='ocrx_word' id='word_1_241' title='bbox 1015 3014 1052 3047; x_wconf 84' lang='lat' dir='ltr'>ve</span> <span class='ocrx_word' id='word_1_242' title='bbox 1071 3012 1137 3047; x_wconf 82' lang='lat' dir='ltr'>uere</span> 
     </span>
     <span class='ocr_line' id='line_1_29' title="bbox 92 3074 1136 3138; baseline -0.001 -15"><span class='ocrx_word' id='word_1_243' title='bbox 92 3077 186 3138; x_wconf 79' lang='lat' dir='ltr'>galiug</span> <span class='ocrx_word' id='word_1_244' title='bbox 198 3077 244 3124; x_wconf 89' lang='lat' dir='ltr'>the</span> <span class='ocrx_word' id='word_1_245' title='bbox 255 3076 421 3137; x_wconf 87' lang='lat' dir='ltr'>conspiracy.</span> <span class='ocrx_word' id='word_1_246' title='bbox 456 3075 497 3137; x_wconf 89' lang='lat' dir='ltr'>By</span> <span class='ocrx_word' id='word_1_247' title='bbox 507 3089 563 3136; x_wconf 78' lang='lat' dir='ltr'>way</span> <span class='ocrx_word' id='word_1_248' title='bbox 575 3075 604 3123; x_wconf 85' lang='lat' dir='ltr'>of</span> <span class='ocrx_word' id='word_1_249' title='bbox 626 3075 705 3135; x_wconf 85' lang='lat' dir='ltr'>suing</span> <span class='ocrx_word' id='word_1_250' title='bbox 717 3075 916 3137; x_wconf 64' lang='lat' dir='ltr'>foranytning)</span> <span class='ocrx_word' id='word_1_251' title='bbox 952 3074 1136 3132; x_wconf 86' lang='lat' dir='ltr'>libertatem,</span> 
     </span>
     <span class='ocr_line' id='line_1_30' title="bbox 92 3142 1136 3213; baseline 0.001 -14"><span class='ocrx_word' id='word_1_252' title='bbox 92 3142 235 3201; x_wconf 84' lang='lat' dir='ltr'>transition</span> <span class='ocrx_word' id='word_1_253' title='bbox 249 3157 277 3200; x_wconf 91' lang='lat' dir='ltr'>to</span> <span class='ocrx_word' id='word_1_254' title='bbox 290 3152 344 3200; x_wconf 91' lang='lat' dir='ltr'>this</span> <span class='ocrx_word' id='word_1_255' title='bbox 363 3152 511 3213; x_wconf 90' lang='lat' dir='ltr'>important</span> <span class='ocrx_word' id='word_1_256' title='bbox 527 3152 605 3213; x_wconf 87' lang='lat' dir='ltr'>point</span> <span class='ocrx_word' id='word_1_257' title='bbox 628 3150 762 3200; x_wconf 81' lang='lat' dir='ltr'>‘heedom</span> <span class='ocrx_word' id='word_1_258' title='bbox 780 3152 809 3199; x_wconf 82' lang='lat' dir='ltr'>of</span> <span class='ocrx_word' id='word_1_259' title='bbox 825 3151 941 3213; x_wconf 86' lang='lat' dir='ltr'>speeeh.’</span> <span class='ocrx_word' id='word_1_260' title='bbox 976 3151 1004 3198; x_wconf 81' lang='lat' dir='ltr'>si</span> <span class='ocrx_word' id='word_1_261' title='bbox 1021 3151 1136 3200; x_wconf 81' lang='lat' dir='ltr'>minus:</span> 
     </span>
     <span class='ocr_line' id='line_1_31' title="bbox 92 3226 844 3289; baseline 0.003 -14"><span class='ocrx_word' id='word_1_262' title='bbox 92 3228 131 3284; x_wconf 58' lang='lat' dir='ltr'>he,</span> <span class='ocrx_word' id='word_1_263' title='bbox 143 3242 259 3277; x_wconf 86' lang='lat' dir='ltr'>answers</span> <span class='ocrx_word' id='word_1_264' title='bbox 278 3226 318 3289; x_wconf 62' lang='grc' dir='ltr'>(ἓξ</span> <span class='ocrx_word' id='word_1_265' title='bbox 329 3228 370 3288; x_wconf 88' lang='grc'>81,</span> <span class='ocrx_word' id='word_1_266' title='bbox 384 3229 426 3288; x_wconf 81' lang='grc'>62)</span> <span class='ocrx_word' id='word_1_267' title='bbox 440 3228 604 3289; x_wconf 85' lang='lat' dir='ltr'>theeharges</span> <span class='ocrx_word' id='word_1_268' title='bbox 626 3242 670 3277; x_wconf 88' lang='lat' dir='ltr'>see</span> <span class='ocrx_word' id='word_1_269' title='bbox 682 3242 717 3276; x_wconf 91' lang='lat' dir='ltr'>on</span> <span class='ocrx_word' id='word_1_270' title='bbox 729 3227 751 3276; x_wconf 89' lang='lat'>1.</span> <span class='ocrx_word' id='word_1_271' title='bbox 764 3228 809 3275; x_wconf 89' lang='lat'>22.</span> <span class='ocrx_word' id='word_1_272' title='bbox 822 3229 844 3277; x_wconf 86' lang='lat'>6.</span> 
     </span>
     <span class='ocr_line' id='line_1_32' title="bbox 93 3303 1138 3367; baseline 0.004 -16"><span class='ocrx_word' id='word_1_273' title='bbox 93 3304 171 3353; x_wconf 86' lang='lat' dir='ltr'>made</span> <span class='ocrx_word' id='word_1_274' title='bbox 193 3305 228 3366; x_wconf 90' lang='lat' dir='ltr'>by</span> <span class='ocrx_word' id='word_1_275' title='bbox 251 3304 405 3366; x_wconf 80' lang='lat' dir='ltr'>Torquatus</span> <span class='ocrx_word' id='word_1_276' title='bbox 426 3304 533 3367; x_wconf 84' lang='lat' dir='ltr'>against</span> <span class='ocrx_word' id='word_1_277' title='bbox 559 3304 605 3352; x_wconf 87' lang='lat' dir='ltr'>the</span> <span class='ocrx_word' id='word_1_278' title='bbox 659 3305 723 3366; x_wconf 68' lang='lat'>581.</span> <span class='ocrx_word' id='word_1_279' title='bbox 742 3303 1138 3362; x_wconf 73' lang='lat' dir='ltr'>11-1a.unonom1ne,‘to</span> 
     </span>
     <span class='ocr_line' id='line_1_33' title="bbox 93 3379 1137 3442; baseline 0 -13"><span class='ocrx_word' id='word_1_280' title='bbox 93 3381 259 3430; x_wconf 78' lang='lat' dir='ltr'>eoaeulores.</span> <span class='ocrx_word' id='word_1_281' title='bbox 627 3379 745 3442; x_wconf 85' lang='lat' dir='ltr'>gether:&#39;</span> <span class='ocrx_word' id='word_1_282' title='bbox 761 3380 1036 3431; x_wconf 79' lang='lat' dir='ltr'>seeonMur.82.14.</span> <span class='ocrx_word' id='word_1_283' title='bbox 1072 3380 1137 3429; x_wconf 85' lang='lat' dir='ltr'>Ad-</span> 
     </span>
    </p>

    <p class='ocr_par' dir='ltr' id='par_1_7' title="bbox 92 3455 1138 3828">
     <span class='ocr_line' id='line_1_34' title="bbox 125 3455 1136 3518; baseline 0 -12"><span class='ocrx_word' id='word_1_284' title='bbox 125 3456 190 3518; x_wconf 78' lang='lat'><strong>§80‚</strong></span> <span class='ocrx_word' id='word_1_285' title='bbox 209 3456 291 3505; x_wconf 91' lang='lat'>1-10.</span> <span class='ocrx_word' id='word_1_286' title='bbox 310 3456 393 3515; x_wconf 85' lang='lat' dir='ltr'>Quid</span> <span class='ocrx_word' id='word_1_287' title='bbox 404 3469 495 3506; x_wconf 85' lang='lat' dir='ltr'>vero:</span> <span class='ocrx_word' id='word_1_288' title='bbox 513 3470 557 3506; x_wconf 90' lang='lat' dir='ltr'>soe</span> <span class='ocrx_word' id='word_1_289' title='bbox 569 3470 602 3505; x_wconf 88' lang='lat' dir='ltr'>on</span> <span class='ocrx_word' id='word_1_290' title='bbox 626 3456 751 3506; x_wconf 81' lang='lat' dir='ltr'>fuerunt</span> <span class='ocrx_word' id='word_1_291' title='bbox 763 3455 922 3514; x_wconf 82' lang='lat' dir='ltr'>catilinae,</span> <span class='ocrx_word' id='word_1_292' title='bbox 935 3458 963 3505; x_wconf 90' lang='lat' dir='ltr'>in</span> <span class='ocrx_word' id='word_1_293' title='bbox 975 3457 1018 3506; x_wconf 86' lang='lat' dir='ltr'>his</span> <span class='ocrx_word' id='word_1_294' title='bbox 1031 3457 1091 3506; x_wconf 87' lang='lat' dir='ltr'>trial</span> <span class='ocrx_word' id='word_1_295' title='bbox 1109 3459 1136 3506; x_wconf 92' lang='lat' dir='ltr'>in</span> 
     </span>
     <span class='ocr_line' id='line_1_35' title="bbox 92 3532 1136 3596; baseline 0.002 -15"><span class='ocrx_word' id='word_1_296' title='bbox 92 3533 146 3582; x_wconf 91' lang='lat'>111.</span> <span class='ocrx_word' id='word_1_297' title='bbox 171 3533 216 3581; x_wconf 90' lang='lat'>22.</span> <span class='ocrx_word' id='word_1_298' title='bbox 238 3533 278 3582; x_wconf 85' lang='lat'>30.</span> <span class='ocrx_word' id='word_1_299' title='bbox 314 3534 494 3590; x_wconf 70' lang='lat' dir='ltr'>auotoritas,</span> <span class='ocrx_word' id='word_1_300' title='bbox 519 3547 548 3583; x_wconf 89' lang='lat' dir='ltr'>as</span> <span class='ocrx_word' id='word_1_301' title='bbox 577 3534 604 3582; x_wconf 96' lang='lat' dir='ltr'>in</span> <span class='ocrx_word' id='word_1_302' title='bbox 626 3535 657 3582; x_wconf 84' lang='lat'>65</span> <span class='ocrx_word' id='word_1_303' title='bbox 674 3534 862 3582; x_wconf 71' lang='lat' dir='ltr'>forestortion</span> <span class='ocrx_word' id='word_1_304' title='bbox 882 3532 1136 3596; x_wconf 77' lang='lat' dir='ltr'>(p.24.§33),and</span> 
     </span>
     <span class='ocr_line' id='line_1_36' title="bbox 93 3609 1138 3672; baseline 0.001 -14"><span class='ocrx_word' id='word_1_305' title='bbox 93 3609 122 3670; x_wconf 60' lang='grc' dir='ltr'>ἐξ</span> <span class='ocrx_word' id='word_1_306' title='bbox 133 3610 170 3660; x_wconf 88' lang='grc'>16.</span> <span class='ocrx_word' id='word_1_307' title='bbox 180 3609 224 3670; x_wconf 86' lang='grc'>38;</span> <span class='ocrx_word' id='word_1_308' title='bbox 236 3611 259 3658; x_wconf 91' lang='grc'>2.</span> <span class='ocrx_word' id='word_1_309' title='bbox 270 3610 308 3659; x_wconf 87' lang='lat'>19.</span> <span class='ocrx_word' id='word_1_310' title='bbox 335 3622 465 3671; x_wconf 81' lang='lat' dir='ltr'>semper,</span> <span class='ocrx_word' id='word_1_311' title='bbox 475 3612 481 3632; x_wconf 89' lang='lat'>‘</span> <span class='ocrx_word' id='word_1_312' title='bbox 490 3614 518 3657; x_wconf 89' lang='lat' dir='ltr'>at</span> <span class='ocrx_word' id='word_1_313' title='bbox 527 3623 605 3671; x_wconf 85' lang='lat' dir='ltr'>every</span> <span class='ocrx_word' id='word_1_314' title='bbox 627 3609 654 3657; x_wconf 91' lang='lat' dir='ltr'>in</span> <span class='ocrx_word' id='word_1_315' title='bbox 673 3611 704 3658; x_wconf 72' lang='lat' dir='ltr'>(il</span> <span class='ocrx_word' id='word_1_316' title='bbox 722 3609 765 3659; x_wconf 86' lang='lat' dir='ltr'>ior</span> <span class='ocrx_word' id='word_1_317' title='bbox 779 3610 894 3670; x_wconf 86' lang='lat' dir='ltr'>murder,</span> <span class='ocrx_word' id='word_1_318' title='bbox 908 3611 1027 3672; x_wconf 85' lang='lat' dir='ltr'>growing</span> <span class='ocrx_word' id='word_1_319' title='bbox 1044 3615 1092 3659; x_wconf 90' lang='lat' dir='ltr'>ont</span> <span class='ocrx_word' id='word_1_320' title='bbox 1108 3609 1138 3659; x_wconf 85' lang='lat' dir='ltr'>of</span> 
     </span>
     <span class='ocr_line' id='line_1_37' title="bbox 92 3683 1135 3748; baseline 0.002 -15"><span class='ocrx_word' id='word_1_321' title='bbox 92 3685 175 3746; x_wconf 84' lang='lat' dir='ltr'>turn,’</span> <span class='ocrx_word' id='word_1_322' title='bbox 201 3686 254 3746; x_wconf 87' lang='lat' dir='ltr'>i.e.,</span> <span class='ocrx_word' id='word_1_323' title='bbox 279 3686 307 3734; x_wconf 90' lang='lat' dir='ltr'>in</span> <span class='ocrx_word' id='word_1_324' title='bbox 330 3685 365 3734; x_wconf 88' lang='lat' dir='ltr'>aii</span> <span class='ocrx_word' id='word_1_325' title='bbox 388 3700 462 3735; x_wconf 85' lang='lat' dir='ltr'>cases</span> <span class='ocrx_word' id='word_1_326' title='bbox 484 3685 606 3748; x_wconf 87' lang='lat' dir='ltr'>growing</span> <span class='ocrx_word' id='word_1_327' title='bbox 627 3685 725 3735; x_wconf 88' lang='lat' dir='ltr'>Sulla&#39;s</span> <span class='ocrx_word' id='word_1_328' title='bbox 744 3686 920 3748; x_wconf 86' lang='lat' dir='ltr'>proscription</span> <span class='ocrx_word' id='word_1_329' title='bbox 942 3685 978 3748; x_wconf 88' lang='lat' dir='ltr'>(p.</span> <span class='ocrx_word' id='word_1_330' title='bbox 993 3688 1033 3746; x_wconf 85' lang='grc'>21,</span> <span class='ocrx_word' id='word_1_331' title='bbox 1052 3683 1065 3742; x_wconf 66' lang='lat' dir='ltr'>i</span> <span class='ocrx_word' id='word_1_332' title='bbox 1082 3687 1135 3747; x_wconf 85' lang='lat'><strong>26).</strong></span> 
     </span>
     <span class='ocr_line' id='line_1_38' title="bbox 92 3761 1134 3828; baseline 0.003 -16"><span class='ocrx_word' id='word_1_333' title='bbox 92 3767 141 3812; x_wconf 90' lang='lat' dir='ltr'>out</span> <span class='ocrx_word' id='word_1_334' title='bbox 167 3763 196 3813; x_wconf 82' lang='lat' dir='ltr'>oi</span> <span class='ocrx_word' id='word_1_335' title='bbox 218 3763 265 3813; x_wconf 90' lang='lat' dir='ltr'>the</span> <span class='ocrx_word' id='word_1_336' title='bbox 286 3763 451 3828; x_wconf 86' lang='lat' dir='ltr'>conspiracy.</span> <span class='ocrx_word' id='word_1_337' title='bbox 503 3761 604 3825; x_wconf 88' lang='lat' dir='ltr'>quid,</span> <span class='ocrx_word' id='word_1_338' title='bbox 626 3762 851 3813; x_wconf 65' lang='lat' dir='ltr'>laudaruntmi.</span> <span class='ocrx_word' id='word_1_339' title='bbox 861 3763 926 3814; x_wconf 78' lang='lat' dir='ltr'>lixo.</span> <span class='ocrx_word' id='word_1_340' title='bbox 937 3762 1134 3827; x_wconf 74' lang='lat' dir='ltr'>11.§l⁴iadfut</span> 
     </span>
    </p>
   </div>
   <div class='ocr_carea' id='block_1_4' title="bbox 0 0 1344 4260">
    <p class='ocr_par' dir='ltr' id='par_1_8' title="bbox 0 0 1344 4260">
     <span class='ocr_line' id='line_1_39' title="bbox 0 0 1344 4260; baseline 0 1"><span class='ocrx_word' id='word_1_341' title='bbox 0 0 1344 4260; x_wconf 95' lang='lat' dir='ltr'> </span> 
     </span>
    </p>
   </div>
  </div>
 </body>
</html>
