2678 4260
453 252 532 304 our.
556 252 612 317 ae,
637 256 651 318 r
675 253 760 307 11-13.
1092 240 1156 311 153

56 452 93 496 ac
110 427 270 498 dedecus.
317 434 481 500 Meruisse
499 457 577 502 vcro
597 435 765 520 stipendia
786 437 821 499 in
838 458 876 500 eo
899 436 995 514 bello,
1014 438 1106 523 quod

56 544 130 600 tum
145 538 295 624 populus
311 539 481 604 Romanus
499 562 565 605 non
585 540 683 604 modo
709 541 901 617 maximum,
919 540 980 605 sed
1005 542 1106 606 etiam

56 641 168 706 solum
192 642 340 729 gerebat,
365 644 512 721 virtutis,
538 651 632 728 patre
657 645 865 729 imperatore
884 643 1105 711 libentissime

56 747 218 820 meruisse
241 748 387 833 pietatis,
409 748 510 812 finem
531 747 774 832 stipendiorum
798 749 901 833 patris
927 750 1102 814 victoriam

55 871 94 915 ac
111 841 321 936 triumphum
333 851 437 917 fuisse
459 852 631 917 felicitatis
651 852 726 916 fuit.
772 852 955 917 Maledicte
968 854 1105 940 quidem
1129 871 1158 915 30

56 954 182 1021 idcirco
209 956 295 1020 nihil
321 957 357 1020 in
383 957 475 1022 hisce
504 957 602 1022 rebus
627 957 691 1021 loci
708 965 770 1033 est,
788 957 879 1042 quod
898 959 1009 1023 omnia
1032 959 1105 1024 laus
1130 1014 1132 1018 .

57 1061 248 1146 occupavit.

100 1181 153 1229 VI.
179 1163 376 1230 Saltatorem
393 1166 541 1252 appellat
557 1166 594 1229 L.
606 1165 782 1230 Murenam
800 1152 898 1231 Cato.
916 1178 920 1186 ¹
945 1149 1103 1234 Maledic-
1119 1170 1157 1232 13

57 1276 132 1334 tum
158 1276 218 1346 est,
243 1270 271 1334 si
298 1292 375 1335 vere
404 1270 557 1346 obicitur,
583 1271 790 1335 vehementis
815 1272 1027 1347 accusatoris,
1053 1273 1105 1336 sin

57 1373 155 1448 falso
172 1373 330 1439 maledici·
343 1375 587 1440 conviciatoris.
627 1374 748 1454 Quare,
762 1398 839 1440 cum
854 1377 919 1466 ista
933 1359 1106 1441 sisaucto·

57 1479 169 1555 ritate,
185 1500 253 1543 non
270 1477 379 1557 debes,
396 1466 521 1556 Marce,
535 1479 682 1564 ¹arripere
702 1479 917 1544 maledictum
940 1502 982 1544 ex
1006 1481 1106 1546 trivio

57 1590 120 1647 aut
134 1605 177 1648 ex
196 1605 386 1648 scurrarum
407 1583 527 1669 aliquo·
543 1584 695 1649 convicio
716 1606 826 1670 neque
848 1568 1108 1674 temerecousu-
1129 1602 1144 1646 s

57 1687 126 1752 lem
150 1688 267 1773 populi
295 1687 437 1754 Romani
460 1673 653 1754 saltatorem
679 1710 808 1767 vocare,
832 1687 891 1753 sed
917 1671 1107 1774 circumspi·
1171 1684 1173 1688 ⁴

57 1791 283 1886 cere-quihus
302 1779 474 1877 praetcrea
497 1792 783 1858 vitiisradfectum
808 1814 880 1857 esse
902 1814 1035 1858 necesse
1061 1795 1107 1859 sit

58 1918 147 1973 eum,
162 1897 216 1961 cui
233 1918 311 1962 vere
327 1896 419 1962 istud
436 1885 521 1962 obici
537 1898 652 1982 possit.
693 1897 799 1962 Nemo
815 1899 904 1961 euim
920 1896 989 1962 fere
1006 1898 1108 1963 saltat

57 1999 200 2077 sobrius,
225 2002 291 2065 nisi
317 2000 404 2066 forte
430 2002 564 2077 insanit,
592 2023 702 2086 neque
727 2003 763 2064 in
787 2000 969 2066 solitudine
996 2023 1105 2088 neque

57 2105 93 2168 in
110 2105 266 2170 convivio
282 2091 453 2174 moderato
473 2113 576 2191 atque
601 2105 750 2170 honesto.
798 2106 1006 2191 'l'empestivi
1032 2128 1107 2171 con·
1130 2122 1159 2169 10

90 2344 194 2395 26-28.
205 2345 297 2404 bello,
309 2346 395 2408 quod
404 2346 574 2395 maximum
594 2360 684 2410 young
701 2361 764 2396 meu
781 2347 811 2396 oi
827 2347 921 2408 Rome,
935 2347 1001 2396 such
1018 2361 1035 2396 a
1051 2361 1109 2410 per·

58 2459 64 2472 .
81 2459 88 2471 .
105 2457 112 2470 .
129 2421 246 2472 solum:
258 2423 458 2487 intranslating
470 2429 519 2485 put
529 2423 574 2472 the
588 2422 732 2472 ·formance
750 2424 783 2484 by
798 2437 850 2471 one
867 2423 895 2471 oi
912 2423 958 2472 the
975 2436 1107 2486 company
1152 2455 1154 2459 .

58 2499 208 2563 adjectivae
227 2499 256 2548 in
272 2500 319 2549 the
336 2500 468 2563 priucipal
485 2498 575 2550 clause
595 2513 648 2549 was
670 2506 719 2548 not
739 2500 887 2548 unknown.
923 2499 972 2549 See
997 2513 1032 2549 ou
1056 2499 1105 2561 11„

58 2577 126 2627 with
138 2576 214 2627 bello.
594 2574 640 2625 2³.
652 2578 691 2626 28.

90 2651 196 2711 2230.
213 2652 306 2702 finem
335 2652 440 2711 fuisse,
469 2653 498 2702 in
528 2654 575 2703 the
626 2652 652 2712 ³,
663 2654 689 2702 4.
707 2652 854 2703 maledici
876 2652 1107 2711 conviciatoris,

59 2744 134 2780 same
162 2729 346 2780 construction
375 2743 405 2779 as
435 2731 573 2792 torruisse,
597 2729 722 2780 ‘abusive
745 2729 943 2780 calumniator?
986 2724 1107 2778 Marce:

59 2806 86 2856 li.
100 2806 249 2856 26aud29.
285 2804 461 2866 quidennas
479 2806 507 2854 in
525 2806 573 2868 IL,
596 2807 641 2857 the
663 2821 710 2856 use
733 2807 762 2856 oi
790 2807 837 2855 the
856 2819 1022 2866 waenornen
1044 2806 1107 2856 here

59 2883 86 2932 2.
101 2879 140 2932 25.
595 2883 700 2946 implies
717 2883 911 2946 good-natured
929 2881 1094 2945 familiar-ily.

626 2959 671 3008 10.
689 2958 881 3020 Tempestivi
911 2959 1107 3015 convivii,

91 3034 162 3093 513.
181 3036 207 3085 1.
225 3035 424 3095 saltatorem,
457 3035 574 3099 ‘profes
597 3034 763 3099 ‘protracted
787 3034 933 3097 banquet3’
958 3034 998 3083 lit.
1020 3033 1107 3097 ‘early

59 3113 148 3163 sionei
157 3112 473 3176 dancer‚'‘harlequin.''
487 3113 575 3162 Tbere
594 3109 731 3172 bauquet,’
762 3109 851 3158 which
879 3108 966 3158 would
1000 3108 1060 3171 give
1091 3123 1107 3157 a

60 3191 132 3240 isno
144 3190 280 3241 reference
292 3196 320 3240 to
337 3204 354 3238 a
370 3189 478 3252 general
490 3188 575 3238 dance
595 3201 687 3248 wrong
695 3200 779 3236 sense.
812 3185 870 3235 'l'he
878 3190 1029 3246 customary
1038 3185 1108 3234 hour

60 3267 90 3316 in
110 3267 201 3318 which
222 3266 290 3316 both
310 3280 386 3316 sexes
406 3280 437 3316 or
455 3280 471 3314 a
489 3264 575 3314 whole
595 3264 638 3312 ior
659 3263 755 3311 dinuer
780 3259 870 3325 (cena)
894 3267 923 3310 at
946 3261 1030 3311 Rome
1052 3275 1107 3312 was

60 3357 194 3406 company
219 3342 406 3405 participator,
431 3342 479 3391 but
504 3346 532 3389 to
560 3355 576 3389 a
595 3341 670 3389 three
690 3341 717 3387 in
736 3339 783 3387 the
800 3338 955 3398 afteruoon,
971 3337 1024 3386 and
1042 3337 1108 3387 ban·

60 3419 240 3484 pantomimic
261 3418 347 3482 (lance
366 3417 518 3481 performed
541 3417 575 3480 by
595 3421 672 3478 quets
695 3416 784 3465 which
808 3430 876 3465 were
901 3416 989 3479 hegun
1013 3414 1108 3465 earlier
1134 3435 1136 3438 ’

60 3510 112 3547 one
134 3508 234 3560 person
261 3494 333 3557 only.
366 3494 439 3543 Such
464 3495 576 3543 daucers
595 3492 658 3555 only
675 3491 735 3541 that
752 3493 816 3555 they
836 3493 923 3554 might
943 3492 996 3542 last
1015 3490 1108 3554 longer

61 3588 129 3625 were
151 3585 279 3623 common
297 3570 409 3632 enough
436 3573 465 3618 at
488 3569 576 3619 Greek
597 3584 664 3619 were
684 3568 818 3631 naturally
836 3569 863 3618 in
884 3568 1108 3631 bad1·epute,so

60 3652 158 3701 dinner
176 3648 288 3714 parties,
310 3646 369 3696 but.
382 3660 450 3695 were
473 3646 576 3709 usually
596 3647 656 3695 that
668 3646 714 3695 the
729 3645 827 3707 phrase
845 3646 1028 3706 rernpesmum
1047 3659 1109 3696 con·
1124 3674 1145 3685 ·=

61 3725 240 3790 professional
261 3724 353 3774 artists
373 3722 449 3771 hired
470 3722 512 3771 ior
530 3722 576 3771 the
596 3724 693 3773 vicium
710 3722 759 3770 has
777 3722 854 3770 often
872 3721 917 3770 the
935 3735 1012 3770 sense
1028 3721 1058 3771 oi
1076 3719 1108 3774 ‘a

60 3788 193 3855 scordion.
229 3800 341 3866 Among
363 3800 409 3848 the
431 3799 576 3861 dissipated
596 3796 733 3849 dehauch.’
994 3820 1018 3857 5
