2678 4260
142 241 205 313 108
411 255 552 312 enarro
575 256 615 312 m
639 254 851 311 carrarum
875 257 1003 311 carna.

193 432 312 507 tendit,
337 434 372 496 in
404 433 575 496 Manliana
606 440 714 496 castra
745 433 944 516 pervenerit,
970 431 1139 494 nerninem
1171 437 1179 496 t

191 537 337 600 stultum
354 535 434 612 lore,
449 538 508 621 qui
525 559 593 600 non
607 536 720 601 videat
735 537 1001 600 coniurationem
1017 557 1090 600 esse
1107 534 1181 600 fact

192 642 359 704 neminem
376 648 444 704 tam
461 641 660 724 improbum,
674 641 734 725 qui
751 662 818 703 non
831 639 988 704 fateatur.
1036 639 1110 705 Hoc
1126 646 1184 705 aui

192 765 260 807 uno
273 745 452 829 interfecto
465 745 626 830 intellego
640 745 724 809 hanc
741 745 788 808 rei
805 743 958 828 publicae
974 751 1104 829 pestem
1119 766 1186 829 pau

140 868 169 912 25
191 869 250 933 per
262 849 407 931 reprimi,
420 870 487 912 non
504 849 539 911 in
555 856 755 933 perpetuum
772 848 945 933 comprimi
961 870 1069 932 posse.
1109 848 1188 928 Quo

192 973 227 1016 se
259 952 393 1016 eiecerit
419 974 601 1037 secumque
627 975 706 1016 suos
733 951 891 1016 eduxerit
914 960 949 1016 et
973 951 1088 1016 eodem
1112 961 1190 1018 cete:

192 1053 341 1140 undique
373 1057 531 1120 collectos
572 1055 751 1142 naufragos
786 1054 987 1141 adgregarit,
1019 1058 1193 1142 extinguet

191 1168 294 1244 atque
311 1159 478 1225 delebitur
495 1182 561 1224 non
578 1160 675 1224 modo
701 1161 781 1223 haec
800 1168 868 1223 tam
884 1159 1000 1224 adulta
1016 1162 1063 1224 rei
1085 1160 1195 1244 publi(

190 1265 304 1348 pestis
323 1287 440 1329 verum
457 1265 557 1329 etiam
573 1265 674 1349 stirps
696 1286 734 1327 ac
756 1284 869 1327 semen
894 1265 1056 1327 malorum
1082 1266 1196 1328 omniu

140 1371 177 1432 31
192 1386 274 1431 xiil.
308 1369 442 1433 Etenim
472 1370 535 1432 iarn
564 1368 633 1443 diu,
660 1376 770 1452 patres
794 1369 985 1452 conscripti,
1017 1370 1052 1431 in
1076 1368 1127 1432 his
1159 1390 1199 1453 pe

192 1472 275 1535 culis
312 1473 551 1536 coniurationis
591 1471 788 1556 insidiisque
825 1493 1007 1547 versamur,
1039 1470 1099 1536 scd
1129 1492 1202 1537 nesi

192 1597 260 1659 quo
298 1583 395 1659 pacto
428 1577 576 1639 omniurn
611 1577 774 1640 scelerum
813 1597 851 1639 ac
882 1576 1005 1640 veteris
1046 1575 1169 1640 furoris

188 1677 346 1743 audaciae
364 1681 539 1744 maturitas
560 1681 593 1743 in
618 1681 722 1743 nostri
748 1680 943 1744 consulatus
961 1687 1093 1764 tempus
1119 1702 1206 1765 erup

154 1781 323 1861 oQuodsi
354 1805 396 1847 ex
428 1792 523 1847 tanto
555 1784 729 1847 latrocinio
761 1784 824 1847 iste
856 1805 943 1847 unus
975 1785 1123 1860 tolletur,
1153 1782 1208 1849 vid

192 1886 301 1950 bimur
332 1887 472 1952 fortasse
505 1888 547 1950 ad
578 1887 676 1952 breve
710 1886 878 1972 quoddam
918 1895 1051 1971 tempus
1090 1909 1170 1952 cura
1207 1920 1211 1947 r

191 1999 284 2055 metu
307 2013 378 2056 esse
405 1993 554 2068 relevati,
581 1993 767 2076 periculum
796 1998 909 2054 autern
934 1991 1094 2055 residebit
1120 1998 1155 2055 et
1180 2013 1212 2056 er

191 2096 358 2158 inclusum
386 2097 520 2180 penitus
549 2097 582 2159 in
603 2098 696 2160 venis
723 2104 825 2179 atque
850 2096 884 2157 in
903 2095 1085 2159 visceribus
1109 2096 1158 2160 rei
1184 2116 1212 2180 pr

191 2198 306 2263 blieae.
369 2199 418 2263 Ut
447 2221 545 2284 saepe
578 2201 728 2264 homines
762 2201 854 2285 aegri
889 2199 1002 2263 morbo
1033 2200 1129 2285 gravi
1166 2221 1212 2265 cu:

140 2315 168 2360 10
190 2310 286 2367 aestu
312 2302 462 2388 febrique
489 2305 664 2379 iactantur,
691 2306 719 2367 si
750 2325 872 2387 aquam
902 2303 1048 2388 gelidam
1075 2302 1212 2368 biberun

190 2407 296 2490 primo
327 2408 466 2471 relevari
495 2408 662 2483 videntur,
691 2406 811 2471 deinde
844 2408 951 2471 multo
981 2408 1118 2492 gravius
1147 2408 1212 2472 veh

220 2589 265 2638 25.
282 2590 354 2640 Note
372 2591 419 2640 the
444 2591 587 2652 repetition
606 2588 635 2637 of
661 2589 707 2636 the
731 2587 938 2648 uponatensc?
966 2589 1072 2648 patres
1085 2586 1212 2637 conseri

189 2665 336 2729 letterpin
348 2668 425 2716 these
436 2667 513 2717 lines.
526 2665 704 2727 reprimi...
729 2663 766 2710 ti:
796 2663 903 2725 explain
937 2663 983 2712 the
1013 2663 1100 2726 origin
1130 2664 1160 2712 oi
1197 2664 1212 2713 a*

189 2742 587 2804 comprimitseeon527.ii.
613 2741 706 2790 Cicero
728 2740 833 2800 phrase.
1144 2735 1146 2739 '

189 2816 211 2864 is
221 2830 283 2878 very
292 2817 358 2866 fond
368 2818 397 2866 oi
408 2817 518 2880 playing
527 2830 563 2864 on
571 2815 658 2864 words
669 2815 703 2876 (ii
759 2815 784 2872 2,
792 2815 817 2863 3,
835 2815 942 2864 nescio
955 2827 1017 2876 quo
1029 2818 1132 2876 pacto,
1145 2815 1212 2865 ‘som

188 2893 217 2941 oi
229 2893 275 2941 the
287 2908 360 2943 same
372 2898 450 2952 stem,
461 2893 509 2942 but
518 2892 703 2954 compounded
728 2892 788 2939 how
805 2907 835 2940 or
847 2891 943 2940 other!
979 2891 1031 2940 For
1038 2895 1132 2952 pacta,
1146 2906 1191 2941 see
1208 2911 1212 2939 ι

189 2969 255 3017 with
271 2969 397 3018 different
414 2969 601 3032 prepositions‚
621 2982 651 3016 or
664 2969 702 3028 (2)
727 2969 741 3028 ᾖ
753 2968 789 3019 17.
801 2968 839 3017 13.
866 2968 967 3017 Nescio
980 2969 1042 3028 quis
1055 2968 1076 3016 is
1089 2969 1212 3018 sometirn

188 3046 217 3094 oi
241 3046 366 3095 different
389 3052 471 3095 stems
493 3051 521 3093 to
544 3045 632 3093 which
657 3047 704 3095 the
726 3059 826 3094 amere
838 3044 977 3094 indefinite
989 3058 1112 3106 pronoun
1126 3045 1212 3095 witho

188 3133 261 3170 same
278 3123 444 3185 preposition
462 3123 483 3170 is
501 3121 627 3183 prefixed.
727 3120 858 3171 influenee
870 3135 943 3183 upon
955 3121 1002 3169 the
1014 3126 1069 3170 rest
1081 3120 1110 3170 oi
1121 3122 1168 3169 tire
1185 3135 1212 3171 se

220 3197 701 3260 Explainthecaseofhominum2,
726 3204 802 3248 tence
821 3196 865 3260 (Α.
886 3199 933 3246 202
956 3211 986 3258 α,
1004 3196 1035 3246 G.
1055 3197 1103 3246 469
1120 3197 1197 3247 Rem.

188 3278 288 3323 morte
300 3276 323 3335 4,
338 3273 412 3322 mihi
427 3276 464 3333 ll,
478 3286 557 3334 quae
573 3275 610 3331 14,
624 3286 703 3334 quae
727 3274 761 3323 H.
787 3276 831 3324 191
856 3280 931 3335 note3
955 3272 986 3323 B.
1010 3272 1059 3324 253
1087 3272 1119 3336 6;
1157 3288 1212 3324 som

189 3352 227 3412 15,
256 3351 410 3400 neminem
445 3352 484 3409 23,
513 3354 634 3412 pestem
662 3351 701 3409 24,
725 3351 804 3399 tirnes
817 3351 863 3400 the
878 3351 968 3400 nescio
985 3351 1087 3399 retains
1104 3351 1139 3399 its
1152 3351 1212 3401 verb

188 3439 294 3476 semen
316 3429 360 3489 29,
383 3428 463 3477 rnood
487 3428 515 3476 oi
537 3427 661 3474 multari
678 3428 701 3486 4,
725 3427 806 3486 force,
820 3427 873 3475 and
886 3427 908 3475 is
920 3426 1044 3475 followed
1057 3426 1091 3487 by
1103 3427 1150 3474 the
1169 3427 1212 3476 sul

188 3506 329 3564 putarem
351 3504 389 3565 13,
412 3503 702 3551 animadvertissem
726 3503 754 3551 ol
783 3504 836 3552 ind.
867 3504 1004 3565 questi0n3
1038 3503 1128 3552 which
1156 3503 1212 3552 hen

189 3580 228 3641 19,
251 3580 429 3641 pervenerit
447 3582 487 3641 21,
506 3578 641 3627 fateatur
663 3579 702 3637 23,
729 3579 823 3628 Which
837 3581 863 3628 in
877 3580 890 3640 ᾗ
905 3580 941 3629 16.
955 3579 1057 3630 37-38?

188 3655 315 3704 eiecerit
331 3657 371 3706 26.
759 3655 783 3702 5.
802 3655 932 3716 Compare
945 3656 999 3703 this
1013 3655 1098 3703 whole
1115 3660 1211 3706 senten

726 3731 999 3792 carefullywitlr§12.
1010 3731 1049 3790 29,
1057 3731 1082 3790 s.
1114 3730 1212 3789 Quod!

221 3810 282 3872 §31-
302 3809 326 3857 1.
344 3810 406 3858 iam
414 3809 532 3866 diu,has
543 3810 615 3859 what
624 3807 704 3857 effect
726 3808 834 3867 seeon§
846 3808 885 3856 29.
897 3809 934 3856 11.
969 3805 1143 3864 latrocinio,
1154 3806 1212 3856 ‘bar
