2678 4260
502 253 581 306 oie.
604 252 691 317 aeae,
717 253 731 318 i
751 253 839 307 e1-s4.
1172 240 1235 309 213

134 423 182 490 M.
200 427 294 504 Cato,
326 426 386 511 qui
418 426 499 491 milii
531 449 598 492 non
629 427 701 503 tibi,
733 428 792 492 sed
822 429 949 513 patriae
981 436 1081 493 natus
1112 451 1183 495 esse

134 532 267 607 videris
296 532 419 609 videre,
452 532 534 616 quid
565 541 694 619 agatur,
725 534 868 597 retinere
900 533 1097 610 adiutorem,
1130 534 1185 600 de·

133 636 310 712 sensorem,
327 637 455 700 socium
472 638 506 698 in
524 637 718 721 republica,
736 638 908 701 consulem
927 659 992 701 non
1012 639 1182 723 cupidum,
1206 656 1236 700 ao

133 741 316 817 consulem,
333 740 425 825 quod
450 742 593 805 maxime
619 749 751 825 tempus
777 742 839 806 hoc
863 742 1022 826 postulat,
1047 743 1184 807 fortuna

133 847 357 910 constitutum
372 845 415 908 ad
430 845 688 930 amplexandum
711 847 827 920 otium,
844 847 984 911 scientia
999 846 1042 910 ad
1057 846 1183 911 bellum

132 949 328 1036 gerendum,
346 951 456 1013 animo
473 958 508 1014 et
524 972 597 1025 usu,
614 949 657 1014 ad
673 949 765 1034 quod
781 951 865 1014 velis
882 951 1065 1036 negotium.

177 1072 312 1116 xxxix.
345 1053 559 1138 Quamquam
591 1055 731 1118 huiusce
762 1056 809 1118 rei
838 1062 985 1138 potestas
1013 1056 1120 1120 omnis
1148 1057 1183 1119 in

133 1158 228 1223 vobis
245 1159 309 1222 sita
324 1166 385 1237 est,
403 1157 551 1233 iudices3
577 1166 681 1222 totam
703 1181 773 1223 rem
796 1159 963 1243 publicam
981 1181 1040 1223 vos
1062 1161 1096 1222 in
1121 1160 1181 1224 hac

133 1284 234 1326 causa
257 1263 391 1337 tenetis
409 1283 468 1326 vos
491 1262 698 1348 gubernatis·
746 1261 1004 1326 sincerrima
1027 1285 1103 1327 oum
1120 1287 1182 1329 suo

133 1367 274 1431 consilio
296 1366 500 1431 nefariorum
524 1366 708 1442 hominum,
726 1388 811 1450 quos
838 1389 952 1431 secum
975 1366 1103 1442 eduxit,
1121 1368 1181 1432 hac

133 1470 174 1535 de
198 1492 232 1535 re
254 1478 368 1555 posset
392 1469 551 1545 iudicare,
570 1469 808 1535 condemnaret
832 1471 868 1532 L.
887 1471 1074 1546 Murenam,
1091 1472 1121 1536 si
1137 1474 1184 1535 in-

133 1575 282 1639 terficere
299 1583 421 1660 posset,
438 1574 614 1640 occideret.
667 1574 797 1639 Petunt
811 1577 901 1640 enim
918 1577 1063 1640 rationes
1079 1576 1181 1653 illius,

134 1688 174 1743 ut
189 1679 325 1744 orbetur
340 1679 468 1744 auxilio
485 1701 537 1744 res
551 1679 694 1764 publica,
708 1688 748 1743 ut
764 1681 936 1744 minuatur
951 1689 1067 1745 contra
1082 1702 1182 1745 suum

132 1784 282 1848 furorem
304 1785 542 1870 imperatorum
567 1786 670 1869 copia,
689 1791 727 1847 ut
752 1786 856 1847 maior
872 1783 1015 1848 facultas
1038 1784 1182 1850 tribunis

133 1889 241 1973 plebis
257 1888 356 1954 detur
372 1889 513 1974 depulso
529 1888 717 1954 adversario
736 1887 910 1953 seditionis
933 1910 970 1952 ao
994 1887 1179 1954 discordiae

132 1992 361 2059 concitandae.
416 1992 554 2057 Idemne
593 1994 698 2079 igitur
728 1992 847 2056 delecti
884 2015 925 2056 ex
965 1993 1177 2076 amplissimis
1205 2012 1234 2057 ro

133 2097 307 2163 ordinibus
332 2098 559 2163 honestissimi
586 2105 688 2181 atque
713 2097 948 2181 sapientissimi
973 2098 1035 2160 viri
1058 2097 1182 2161 iudica·

132 2202 230 2278 bunt,
255 2201 347 2288 quod
378 2202 436 2266 ille
467 2202 774 2286 importunissimus
801 2200 967 2287 gladiator
998 2201 1104 2265 hostis
1135 2203 1181 2266 rei

133 2306 287 2391 publicae
305 2305 491 2370 iudicaret?
538 2305 624 2368 Mihi
640 2304 776 2378 credite,
794 2304 932 2378 iudices,
950 2306 983 2366 in
1002 2305 1063 2367 hac
1080 2326 1179 2369 causa
1193 2308 1234 2371 84

134 2432 201 2474 non
217 2411 326 2475 solum
339 2410 379 2474 de
397 2410 435 2473 L.
455 2409 627 2484 Murenae,
641 2431 757 2474 verum
775 2410 874 2473 etiam
892 2408 932 2472 de
947 2417 1058 2473 vestra
1073 2409 1182 2474 salute

133 2516 337 2580 sententiam
360 2514 485 2578 feretis.
532 2514 573 2577 In
596 2514 773 2578 discrimen
800 2522 987 2590 extremum
1009 2513 1180 2589 venimus3
1205 2532 1234 2576 is

134 2620 218 2682 nihil
235 2626 288 2684 est
311 2620 386 2695 iam,
404 2618 493 2683 unde
518 2640 577 2682 nos
603 2619 790 2683 reficiamus
809 2627 868 2682 aut
894 2618 951 2682 ubi
978 2619 1063 2702 lapsi
1089 2621 1183 2683 resis-

134 2731 255 2788 tamus.
302 2722 377 2786 Non
401 2723 511 2786 solum
533 2722 714 2786 minuenda
737 2744 804 2787 non
830 2730 911 2786 sunt
936 2723 1071 2796 auxilia,
1095 2744 1181 2807 quae

134 2825 305 2901 habemus
322 2825 381 2890 sed
405 2827 506 2890 ctiam
532 2847 628 2899 nova,
652 2827 682 2890 si
709 2826 779 2891 fieri
806 2827 921 2910 possit,
947 2827 1180 2910 comparanda.

135 2929 254 2994 Hostis
271 2937 323 2995 est
338 2931 427 2995 enim
443 2952 509 2994 non
526 2929 617 3015 apud
636 2930 812 3008 Anienem,
831 2930 922 3015 quod
938 2931 1026 2995 bello
1051 2931 1181 2998 Punico

165 3178 212 3227 28.
229 3181 417 3228 natusssss:
434 3179 549 3240 ci.·§56.
563 3180 602 3228 29.
668 3177 748 3227 Mihi
784 3178 918 3228 credite:
954 3179 1182 3230 seeon11.15.

165 3330 319 3382 Peroratio:
337 3329 440 3395 Appeal
453 3336 481 3381 to
494 3332 540 3381 the
552 3331 570 3381 J
572 3346 628 3394 ury.
701 3331 804 3382 16-19.
823 3332 879 3381 ubi
893 3356 919 3380 =
933 3333 961 3382 ia
970 3346 1033 3394 quo,
1046 3332 1105 3394 Join
1115 3334 1182 3384 with

165 3412 229 3462 4-6.
247 3411 397 3461 consilio:
415 3424 459 3462 see
476 3426 511 3461 on
530 3411 551 3461 1.
565 3412 590 3460 2.
608 3413 645 3462 14.
668 3409 857 3465 resistamus,
871 3407 977 3472 ‘regain
994 3408 1180 3471 ouriooting.’

133 3488 281 3544 rationes,
295 3485 465 3548 ‘interests’3
482 3485 517 3536 ef.
532 3485 645 3547 §tica
668 3484 751 3547 apud
780 3485 942 3540 Anienem,
971 3491 1021 3534 ete.
1074 3485 1106 3533 In
1134 3486 1181 3534 211

164 3564 270 3622 10,11.
288 3562 489 3625 amplissimis
534 3562 647 3612 ordini·
669 3561 808 3610 Hannibal
819 3560 888 3610 tried
900 3565 929 3610 to
938 3560 1011 3609 draw
1020 3561 1067 3611 the
1076 3561 1181 3611 Roman

132 3641 206 3691 bus:
223 3655 269 3691 see
280 3653 316 3689 on
330 3640 443 3697 iudices,
457 3639 471 3700 ξ
485 3640 507 3688 1.
522 3641 544 3688 1.
668 3652 743 3700 army
755 3638 825 3687 from
842 3638 888 3686 the
906 3637 976 3701 siege
994 3637 1023 3688 oi
1040 3637 1134 3700 Capua
1145 3638 1181 3701 by

163 3714 483 3780 §84.18.iudiosret:
523 3729 558 3764 so.
601 3716 647 3763 the
668 3729 684 3763 a
704 3715 807 3764 sudden
827 3714 921 3764 march
944 3715 1060 3764 towards
1084 3715 1178 3777 Rome,

133 3793 244 3846 omitted
269 3790 389 3857 protasis
410 3792 434 3841 si
458 3790 540 3842 iodea
568 3793 644 3839 esset.
667 3789 819 3855 advanoing
844 3803 873 3840 as
901 3789 944 3840 far
965 3803 994 3840 as
1022 3789 1069 3841 ihs
1096 3789 1179 3861 Anio,
