2678 4260
439 249 520 301 car.
546 252 633 313 mn,
657 252 671 312 y
693 251 781 302 acea.
1123 239 1186 306 307

86 422 329 490 coniurationis
353 429 497 499 accuset,
521 444 623 506 quam
647 419 754 486 videri
781 423 1031 488 coniuratorum
1057 446 1133 509 poe·

87 549 165 592 narn
177 534 385 611 mortemque
397 526 522 612 lugere.
570 525 670 605 Quod
683 548 760 590 curn
772 527 799 591 is
814 526 970 592 tribunus
983 528 1029 612 pl.
1042 527 1133 606 facit,

87 634 147 718 qui
165 653 252 696 unus
269 629 404 696 videtur
419 651 462 694 ex
484 630 551 695 illis
574 629 616 693 ad
638 630 804 716 lugendos
829 632 1019 697 coniuratos
1042 633 1135 698 relic·

87 744 153 812 tuS,
171 735 296 800 nemini
321 735 442 797 mirum
465 741 535 809 est3
560 732 695 798 difficile
722 741 775 799 est
802 736 892 800 enim
920 744 1040 812 tacere,
1059 759 1136 801 oum
1159 755 1187 800 eo

86 840 222 916 doleas3
247 847 290 915 tc,
309 839 338 903 si
366 836 449 923 quid
476 838 548 902 eius
576 837 666 902 modi
694 836 786 915 faciS,
811 861 877 903 non
905 838 1004 904 modo
1031 840 1133 905 talem

86 943 345 1019 adulescentem,
372 941 432 1006 sed
462 943 497 1004 in
528 962 569 1006 ea
595 963 705 1019 causa,
733 943 768 1006 in
799 964 867 1027 qua
898 951 932 1007 te
964 944 1131 1010 vindicem

86 1048 325 1113 coniurationis
360 1047 445 1112 velis
486 1067 568 1122 esse,
601 1046 817 1111 vehementer
857 1046 1010 1111 admiror.
1068 1047 1134 1114 Sed
1147 1055 1186 1116 32

85 1152 294 1239 reprehendo
316 1161 428 1217 tamen
452 1151 537 1216 illud
561 1152 714 1228 maxime,
732 1150 824 1236 quod
847 1153 912 1216 isto
939 1153 1076 1238 ingenio
1099 1163 1134 1219 et

85 1258 266 1343 prudentia
281 1256 453 1342 praeditus
469 1277 604 1321 eausam
620 1257 668 1320 rei
685 1256 837 1340 publicae
861 1278 928 1320 non
953 1264 1057 1334 tenes,
1075 1260 1134 1342 qui
1157 1275 1185 1320 35

85 1363 244 1427 arbitrere
259 1360 349 1446 plebi
372 1362 540 1426 Romanae
565 1382 617 1424 res
641 1382 696 1424 eas
722 1382 788 1424 non
813 1361 953 1444 probari,
971 1382 1056 1446 quas
1079 1384 1131 1427 me

85 1467 223 1531 consule
250 1487 365 1530 omnes
397 1465 474 1530 boni
505 1484 564 1548 pro
594 1464 703 1528 salute
735 1465 904 1529 communi
943 1474 1130 1550 gesserunt.

85 1589 136 1635 xi.
169 1571 320 1656 Ecquem
347 1577 385 1633 tu
413 1569 541 1644 horum,
559 1569 619 1653 qui
646 1567 779 1644 adsunt,
804 1568 927 1653 quibus
955 1576 989 1634 te
1015 1577 1132 1635 contra

84 1676 232 1759 ipsorum
263 1673 473 1738 voluntatem
504 1671 711 1751 venditabas,
740 1678 800 1736 aut
830 1679 898 1736 tarn
931 1672 1130 1738 sceleratum

83 1780 205 1844 statuis
230 1778 344 1854 fuisse,
361 1785 401 1841 ut
427 1777 508 1841 haee
535 1777 647 1841 omnia
673 1776 781 1861 perire
805 1777 962 1853 voluerit,
979 1785 1039 1842 aut
1062 1785 1130 1842 tam

84 1883 252 1958 mismum,
269 1891 309 1946 ut
324 1889 358 1946 et
373 1903 407 1946 se
424 1882 529 1965 perire
547 1888 685 1964 cuperet
705 1887 740 1946 et
763 1880 847 1944 nihil
871 1880 1017 1956 haberet,
1038 1882 1130 1965 quod

83 2036 126 2079 ter
143 2029 271 2079 deserved
291 2029 334 2079 his
352 2028 418 2089 iate,
434 2025 544 2078 'instead
567 2028 596 2077 oi
649 2030 663 2090 ᾗ
681 2029 720 2078 32.
745 2027 847 2076 34-36.
865 2027 970 2090 quod
987 2064 993 2076 .
1010 2065 1016 2076 .
1034 2064 1039 2076 .
1056 2040 1132 2078 non

84 2106 184 2169 calling
205 2107 247 2155 his
270 2104 413 2154 execution
436 2119 472 2154 an
495 2110 539 2153 act
567 2105 596 2154 of
617 2108 713 2162 tenes,
731 2105 778 2154 the
796 2105 868 2154 third
887 2102 1030 2167 (political)
1055 2104 1132 2156 blun-

83 2189 210 2245 tyranny.
254 2181 390 2230 alienum
412 2180 460 2239 ab,
486 2179 595 2230 ‘dama-
617 2182 672 2230 der.
705 2181 867 2242 ingenio
895 2185 928 2230 et
957 2181 1131 2244 prudentia,

83 2260 149 2323 ging
160 2258 208 2312 ιο.’
619 2259 625 2281 ‘
636 2258 791 2319 abilityand
804 2258 955 2321 learning3’
975 2259 1021 2308 the
1031 2260 1132 2308 former

116 2335 161 2385 28
188 2335 217 2385 ιι
243 2334 389 2384 tribunus
417 2333 456 2395 pl.
481 2333 595 2396 (=ple-
617 2335 738 2386 includes
766 2335 829 2398 only
852 2335 960 2384 natural
985 2337 1060 2399 gitis,
1084 2338 1131 2386 the

84 2411 145 2473 tio).
181 2412 212 2462 L.
231 2411 394 2476 Calpurnius
416 2411 517 2472 Bestia,
538 2411 594 2460 said
617 2411 697 2461 latter
705 2413 860 2474 isacquired
869 2413 997 2482 byeffort.
1028 2416 1130 2462 tenes:

84 2490 117 2551 hy
127 2487 229 2539 Sallust
242 2493 270 2537 ιο
281 2489 351 2538 hare
363 2488 430 2537 been
443 2501 495 2537 one
507 2488 536 2537 oi
548 2488 595 2536 the
617 2489 659 2539 ior
675 2489 804 2552 meaning
821 2489 855 2538 cf.
874 2490 926 2538 ΙΙΙ.
940 2488 986 2537 16.
1000 2491 1041 2551 11;
1059 2491 1127 2540 Mur.

83 2567 274 2628 consoli-aiore,
289 2578 343 2614 was
355 2565 402 2614 the
413 2563 549 2626 colleague
565 2564 595 2612 oi
616 2565 661 2613 22.
673 2565 725 2633 49..
747 2565 912 2614 arbitrere:
930 2565 1029 2625 causal,
1041 2568 1088 2626 qui
1102 2590 1127 2614 =

84 2641 210 2692 Metellus
227 2641 319 2703 Nepos
338 2639 375 2703 (p.
389 2641 429 2702 39,
443 2641 458 2702 §
474 2639 527 2701 69),
541 2640 593 2689 arni
618 2657 677 2692 curn
700 2645 738 2691 tu.
772 2641 859 2704 plebi
884 2641 1059 2691 Romanae:
1088 2642 1131 2691 ior

83 2719 161 2767 aided
184 2717 242 2766 him
265 2718 294 2766 in
317 2717 360 2766 his
387 2717 494 2766 attacks
522 2731 593 2778 upon
616 2732 676 2767 ease
687 2717 848 2780 (octagent)
858 2731 903 2766 see
912 2718 1126 2780 above,§3l.2l.

84 2795 186 2844 Cicero.
619 2796 660 2844 He
681 2795 764 2845 refers
786 2801 815 2844 ιο
837 2796 884 2843 the
906 2796 1009 2856 change
1032 2796 1059 2843 in
1084 2797 1129 2844 the

115 2869 217 2920 30-33.
235 2882 320 2919 oum
345 2868 469 2918 doleas:
497 2869 592 2920 ‘when
612 2871 717 2933 ‚feeling
734 2871 763 2920 oi
780 2873 827 2921 the
844 2871 925 2920 lower
941 2871 1038 2920 classes
1052 2872 1128 2921 when

84 2963 136 3009 you
151 2946 328 3008 (zanyone)
341 2960 386 2995 are
399 2947 427 2994 in
439 2946 531 3008 pann’
552 2948 595 2996 ior
617 2950 681 3010 they
700 2962 767 2997 were
790 2947 846 2997 told
869 2948 929 2996 that
948 2947 1067 2996 Catilina
1090 2948 1130 2995 in-

84 3027 130 3074 the
142 3025 231 3083 moed,
246 3023 335 3073 which
348 3024 370 3072 is
383 3029 431 3072 not
444 3022 593 3073 influenced
618 3025 715 3073 tended
734 3031 763 3072 to
785 3024 853 3073 burn
878 3024 924 3072 the
945 3024 1007 3085 city.
1043 3023 1073 3072 P.
1087 3024 1127 3082 35,

84 3102 117 3162 hy
142 3116 212 3160 curn,
234 3114 278 3150 see
300 3114 335 3149 cn
360 3100 429 3148 Mur.
455 3100 480 3148 7.
503 3101 547 3162 313
564 3099 597 3148 te
617 3101 680 3162 §60
701 3100 735 3149 ad
756 3100 801 3149 fin.
837 3100 889 3149 For
906 3101 952 3148 the
970 3099 1042 3148 word
1056 3099 1129 3160 plebi

85 3178 123 3238 l:
137 3173 315 3238 Torquatum)
339 3189 425 3225 seems
447 3181 476 3224 ιο
498 3190 530 3224 us
549 3191 595 3224 un·
617 3191 660 3226 see
673 3192 698 3240 p.
713 3179 753 3239 57,
766 3178 780 3239 §
792 3179 829 3227 21.

83 3252 234 3316 pleasantly
246 3266 312 3302 near
329 3253 375 3301 the
393 3252 477 3301 indes.
497 3253 594 3301 second

83 3345 180 3392 person
193 3328 331 3378 indolens.
366 3328 462 3377 talem
474 3327 595 3377 adules-
649 3328 674 3385 3,
683 3329 709 3376 4.
727 3327 804 3377 haec
817 3329 927 3385 omnia,
936 3343 966 3378 as
979 3330 1006 3379 in
1020 3330 1070 3380 IV.
1081 3329 1128 3378 16.

83 3404 494 3462 centemzseeoni30.14.
530 3404 595 3452 vin-
619 3408 661 3463 123
684 3405 708 3453 7.
732 3406 759 3465 23
788 3404 809 3452 1.
834 3403 879 3452 21.
902 3405 942 3454 42.
985 3405 1129 3463 voluerit,

84 3483 195 3539 dicem,
215 3481 379 3545 ‘punisher,’
395 3482 441 3531 the
456 3480 528 3530 word
546 3481 595 3530 has
617 3483 752 3543 cuperet,
764 3479 906 3528 haberet:
924 3481 1013 3531 notice
1025 3482 1129 3544 change

83 3561 160 3611 often
173 3560 220 3608 the
237 3559 366 3621 precisely
378 3559 501 3621 opposite
518 3572 595 3607 sense
618 3559 646 3606 in
654 3569 786 3619 sequence
795 3556 824 3604 oi
835 3556 911 3605 these
920 3557 1031 3618 parallel
1042 3558 1126 3607 verbs.

84 3635 483 3700 of‘protcctor‚'‘chanrpion.'
508 3634 594 3692 velis,
619 3635 649 3683 ln
673 3633 844 3682 consecutive
869 3631 971 3682 clauses
1000 3635 1046 3684 the
1071 3649 1129 3696 per-

83 3715 153 3776 subi.
168 3714 197 3763 of
214 3713 427 3773 citaracteristi03
444 3713 487 3761 for
504 3725 596 3760 mean·
617 3710 672 3759 ieet
691 3709 760 3771 subj.
780 3708 892 3758 denotas
914 3722 931 3756 a
949 3715 1126 3771 momentary,

84 3791 131 3862 ing
142 3791 206 3840 here
217 3803 261 3847 see
273 3803 308 3842 on
321 3788 372 3844 IV.
386 3788 412 3844 a
424 3789 464 3844 34.
618 3787 664 3842 the
677 3785 819 3856 imperfect
830 3799 847 3842 a
858 3785 1004 3843 continued
1016 3787 1115 3844 action,
