2678 4260
361 248 389 278 ²
482 267 561 325 cur.
588 272 626 336 11,
652 269 666 337 r
688 269 775 324 rari.
1140 253 1204 327 279

107 445 237 524 ltaliae,
254 447 295 512 de
320 449 475 512 universa
497 469 532 511 re
555 447 689 532 publica
711 444 880 511 decernite
904 431 1095 532 diligenter,
1112 452 1153 510 ut

106 553 313 628 instituistis
331 574 369 616 ac
385 550 527 617 fottiter.
576 551 718 614 Habetis
741 572 817 615 eum
842 549 1024 625 consulem,
1042 550 1152 634 quiet

106 678 222 742 parere
238 656 359 720 vestris
376 653 518 719 decretis
535 676 601 717 non
618 653 751 718 dubitet
773 661 809 719 et
830 675 879 729 ea,
896 675 981 738 quae
1008 660 1151 718 statuer-

105 761 173 837 itis,
191 758 303 844 quoad
325 758 428 834 vivet,
445 757 623 823 defendere
648 764 683 822 et
705 780 765 842 per
789 779 823 822 se
847 757 958 841 ipsum
983 765 1149 842 praestare

105 865 221 949 possit.
1173 875 1204 922 ao

136 1052 201 1111 §aa
220 1050 323 1102 21-24.
342 1051 487 1100 universa
499 1062 532 1100 re
541 1050 617 1113 pub·
639 1050 757 1101 consul's
778 1051 883 1112 speech.
916 1061 974 1112 per
993 1062 1027 1098 se
1049 1050 1152 1112 ipsum
1193 1100 1196 1109 ⁸

107 1128 174 1184 lica,
199 1128 262 1178 ‘the
283 1128 375 1191 public
402 1128 528 1178 interests
551 1143 580 1178 as
602 1143 618 1178 a
638 1130 804 1189 praestare,
830 1125 898 1174 ‘and
928 1131 1046 1175 warrant
1076 1126 1152 1176 them
1219 1177 1222 1184 ,

105 1204 211 1255 whole!
245 1203 435 1260 instituistis,
452 1205 507 1265 ie,
526 1205 617 1254 before
642 1203 733 1262 (stand
756 1202 824 1270 good
847 1203 890 1250 ior
912 1201 999 1264 them)
1024 1202 1059 1264 by
1081 1203 1151 1251 him·
1173 1239 1176 1244 ,

105 1280 152 1329 the
168 1281 324 1343 expression
341 1281 371 1329 of
387 1281 498 1342 opinion
519 1280 555 1341 by
571 1280 617 1328 tbe
639 1278 715 1340 self;'
735 1279 782 1327 the
798 1291 871 1327 same
888 1278 1005 1340 thought
1015 1290 1046 1327 as
1062 1277 1091 1327 iu
1101 1289 1151 1328 tuo

105 1361 227 1408 senators
248 1368 303 1406 was
325 1355 491 1418 interrupted
515 1355 549 1416 by
571 1356 617 1404 the
640 1354 817 1416 solius,l.16.

518 1799 713 1850 EXCURSUS
736 1799 785 1850 1v.

104 1955 225 1998 nvuhrs
241 1956 323 1996 FROM
340 1956 401 1995 mu
418 1955 604 2011 equetuslou
623 1956 660 1992 OF
677 1956 738 1992 Tffls
762 1955 885 1992 DEBATE
901 1954 938 1992 ΤΟ
954 1954 1016 1992 THE
1039 1952 1145 1994 nuum
1160 1953 1200 1994 01⁸

571 2035 725 2074 CATILINA.

339 2168 444 2222 [Sallust
454 2169 511 2220 Cap.
520 2168 591 2217 tib-bh
606 2167 675 2207 5⁹·ti.
703 2166 765 2207 Text
774 2168 799 2208 oi
812 2165 938 2219 stimula]

133 2299 180 2350 55.
200 2300 358 2364 Postquam,
372 2307 403 2351 ut
420 2302 487 2362 dixi,
505 2305 613 2350 serimus
635 2299 679 2348 Ita
697 2299 741 2349 ille
759 2301 888 2361 patricius
909 2315 942 2350 ex
960 2305 1040 2364 gente
1053 2299 1174 2350 claris-6

102 2375 130 2424 in
154 2373 266 2426 Catonis
288 2378 454 2426 sententiam
481 2376 611 2436 discessit,
633 2388 710 2423 suma
728 2374 923 2435 Corneliorum,
942 2377 987 2437 qui
1004 2375 1144 2426 consulare

101 2450 205 2511 consul,
219 2457 361 2514 optumum
373 2452 448 2501 factu
465 2457 538 2500 ratus
551 2464 613 2501 noc·
634 2451 775 2511 imperium
798 2450 900 2500 Romae
923 2451 1063 2510 habuerat,
1088 2451 1145 2512 dig·
1183 2506 1188 2513 ,

100 2531 157 2576 tem
169 2541 239 2590 quae
255 2528 375 2578 instabat
396 2533 564 2590 antecapere,
578 2541 613 2576 ne
633 2538 698 2572 num
707 2525 824 2573 moribus
831 2525 1144 2586 factisquesuisexitium

100 2602 165 2664 quid
173 2617 205 2652 eo
216 2604 304 2666 spatio
313 2610 466 2664 novaretur,
476 2603 610 2662 tresviros,
633 2600 703 2648 vitae
726 2600 836 2649 invenit.
883 2601 924 2648 De
948 2599 1066 2662 Cethego
1085 2601 1145 2649 Sta·

100 2691 169 2740 quae
198 2679 360 2741 supplicium
389 2678 545 2742 postulabat
566 2691 612 2739 pa·
632 2674 691 2723 tilio
726 2674 842 2724 Gabinio
878 2674 1008 2737 Caepario
1047 2675 1142 2724 eodem

71 2753 159 2801 trare
176 2752 262 2816 iubet3
281 2754 338 2816 ipse
349 2753 490 2816 praesidiis
501 2752 612 2814 dispcsi·
632 2749 712 2798 modo
729 2749 890 2811 supplicium
909 2756 1046 2812 sumptum
1064 2757 1112 2800 est

100 2827 135 2876 tis
149 2827 297 2878 Lentulum
308 2829 336 2878 in
349 2843 482 2879 carcerem
493 2827 612 2890 deducit;
664 2822 710 2872 56.
730 2824 801 2872 Dum
824 2838 855 2873 et
878 2825 978 2874 Romae
1005 2831 1142 2887 gtrssnllll’·

72 2905 86 2950 3
101 2902 172 2952 idem
186 2902 216 2952 fit
224 2905 320 2953 ceteris
329 2911 527 2966 perpraetores.
563 2903 612 2952 Est
632 2899 750 2949 Catilina
768 2914 802 2948 ex
823 2900 897 2948 omui
917 2901 1002 2961 copia,
1015 2914 1097 2962 quam
1115 2909 1143 2949 et

100 2977 128 3026 in
147 2991 252 3028 carcere
270 2978 353 3040 locus,
366 2979 437 3041 quod
456 2978 612 3028 Tullianum
633 2975 688 3036 ipse
706 2975 854 3023 adduxerat
872 2980 899 3023 et
912 2974 1030 3024 Manlius
1042 2974 1143 3024 hahue-

99 3052 258 3115 appellatur,
280 3054 325 3103 ubi
348 3053 488 3115 paululum
508 3067 612 3103 asscen-
633 3054 681 3109 rat,
696 3050 762 3099 duas
774 3049 892 3112 legiones
906 3050 1033 3108 instituit,
1047 3051 1140 3099 cohor-

100 3127 170 3176 deris
181 3127 215 3176 ad
228 3127 340 3190 laevam,
354 3128 460 3177 circiter
471 3128 611 3177 duodecim
631 3126 666 3174 tis
677 3139 726 3188 pro
742 3139 854 3174 numero
877 3125 995 3174 militum
1015 3126 1138 3188 complet.

72 3208 85 3252 4
100 3201 180 3262 pedes
192 3200 268 3250 humi
281 3203 430 3265 depressus.
466 3203 538 3253 Eum
555 3217 612 3252 mu·
632 3201 744 3261 Deinde,
754 3208 785 3251 ut
794 3202 906 3264 quisque
917 3201 1085 3251 voluntarius
1094 3210 1142 3251 aut
1156 3206 1171 3250 2

101 3276 181 3324 niunt
201 3276 321 3339 undique
341 3278 456 3340 parietes
475 3283 556 3340 atque
572 3279 611 3327 iu·
631 3292 664 3326 ex
682 3279 760 3327 sociis
773 3278 800 3326 in
818 3284 905 3327 castra
916 3283 1034 3336 venerat,
1046 3292 1142 3339 acqua-

100 3366 180 3413 super
202 3365 308 3402 camera
331 3353 443 3415 lapideis
465 3354 611 3403 fornicibus
632 3351 692 3399 liter
710 3352 891 3412 distribuerat,
914 3366 944 3400 ac
962 3352 1035 3400 brevi
1054 3352 1141 3413 spatio

101 3433 202 3487 iuncta,
213 3429 259 3478 sed
272 3429 384 3489 incultu,
396 3430 522 3489 tenebris,
532 3430 611 3479 odore
632 3426 748 3488 legiones
767 3441 881 3477 numero
897 3427 1038 3476 hominum
1052 3426 1142 3490 exple-

102 3503 181 3553 iceda
202 3508 283 3566 atque
305 3505 433 3555 terribilis
456 3506 513 3554 eius
529 3505 611 3554 facies
632 3511 714 3559 verat,
746 3518 805 3553 cum
834 3504 913 3553 initio
941 3519 995 3554 non
1025 3505 1141 3566 amplius

72 3587 87 3631 t
101 3588 148 3630 est.
185 3581 218 3630 ln
231 3595 292 3646 eum
305 3582 394 3632 locum
407 3589 550 3646 postquam
568 3584 611 3632 de·
631 3580 733 3628 duobus
744 3581 852 3630 milibus
861 3582 1006 3631 habuisset.
1042 3581 1094 3630 Sed
1107 3596 1140 3630 ex
1155 3589 1170 3634 3

101 3657 198 3706 missus
232 3663 272 3706 est
311 3657 451 3719 Lentulus,
494 3657 611 3706 vindices
630 3656 704 3704 omni
733 3657 809 3718 copia
835 3658 940 3706 circiter
961 3671 1023 3719 pars
1046 3663 1141 3719 quarta

102 3744 190 3795 rerum
219 3733 375 3792 capitalium
409 3735 505 3796 quibus
536 3747 611 3796 prae·
630 3736 687 3780 erat
710 3732 868 3781 militaribus
896 3733 977 3781 armis
997 3734 1138 3793 instructa,

102 3812 209 3868 ceptum
221 3813 279 3854 erat
288 3805 383 3870 laqueo
395 3810 483 3868 gulam
498 3808 608 3869 fregere.
629 3807 720 3867 ceteri,
734 3813 764 3854 ut
782 3819 915 3868 quemque
933 3820 1010 3857 casus
1021 3821 1140 3859 armave-
