2678 4260
194 246 257 316 216
515 262 586 314 rao
609 263 640 314 c.
665 262 825 317 nonam
848 261 997 315 onemo.

244 437 405 503 invidiam
430 460 508 502 vero
540 437 591 502 his
622 438 829 523 temporibus
853 437 973 502 habere
1004 437 1198 502 consulatus
1222 435 1292 522 ipse

245 543 372 606 nullam
387 550 519 627 potest;
544 542 687 607 obicitur
703 545 791 607 enim
807 542 1021 607 contionibus
1044 542 1291 618 seditiosorum,

193 661 223 706 uo
244 646 373 712 insidiis
390 648 649 724 coniuratorum,
666 649 743 712 telis
768 647 943 724 Catilinae,
960 646 1002 710 ad
1026 668 1123 711 omne
1146 646 1292 731 denique

244 752 431 836 pericnlum
453 758 557 835 atque
580 751 622 815 ad
646 774 778 816 omnem
802 753 958 815 iniuriam
982 752 1074 816 solus
1099 752 1290 844 opponitur.

192 858 233 922 88
246 855 358 934 Quare
375 855 457 940 quid
474 855 696 920 invidendum
713 857 873 921 Murenae
890 864 951 920 aut
966 857 1124 941 cuiquam
1141 863 1291 921 nostrum

244 961 290 1025 sit
304 961 339 1023 in
356 961 418 1024 hoc
434 962 603 1045 praeclaro
620 963 808 1038 consulatu,
825 983 892 1025 non
910 961 1018 1038 video,
1035 961 1181 1036 iudices;
1206 982 1291 1045 quae

246 1087 325 1130 vero
340 1064 528 1129 miseranda
551 1074 641 1142 sunt,
658 1088 696 1130 ea
720 1073 754 1131 et
777 1066 857 1129 mihi
881 1073 960 1130 ante
984 1066 1098 1130 oculos
1115 1073 1292 1130 versantur

246 1178 281 1235 et
303 1192 362 1235 vos
387 1169 500 1235 videre
528 1178 563 1235 et
593 1173 779 1255 perspicere
811 1172 961 1255 potestis.
1024 1187 1097 1233 xm.
1122 1169 1168 1246 si,
1200 1170 1292 1254 quod

246 1273 400 1358 Iuppiter
422 1297 520 1339 omen
543 1275 694 1340 avertatl
720 1276 810 1340 huno
834 1277 953 1341 vestris
976 1276 1153 1340 sententiis
1177 1273 1292 1338 adflix-

245 1378 348 1454 eritis‚
365 1400 433 1462 quo
449 1400 484 1443 se
508 1381 607 1443 miser
630 1380 768 1444 vertet?
792 1379 996 1444 domumne?
1021 1387 1059 1443 ut
1082 1400 1153 1443 eam
1178 1379 1292 1464 imagi-

245 1503 323 1546 nem
353 1483 526 1546 clarissimi
559 1484 631 1560 viri‚
664 1485 810 1568 parentis
841 1485 904 1560 sui,
935 1505 1036 1568 quam
1068 1484 1182 1568 paucis
1213 1489 1291 1547 ante

208 1602 222 1647 5
244 1585 363 1650 diebus
379 1587 563 1651 laureatam
576 1588 610 1650 in
627 1609 688 1651 sua
705 1589 931 1674 gratulatione
949 1587 1134 1671 conspexit,
1152 1586 1291 1651 eandem

246 1689 464 1755 deformatam
488 1692 672 1778 ignominia
706 1692 947 1778 lugentemque
971 1690 1108 1756 videat?
1169 1690 1225 1753 An
1250 1690 1292 1754 ad

244 1802 395 1870 matrem,
419 1816 505 1879 quae
537 1798 657 1860 misera
681 1795 779 1860 modo
804 1796 976 1861 consulem
1004 1793 1153 1859 osculata
1184 1794 1291 1858 filium

245 1922 343 1964 snum
368 1921 459 1964 nunc
483 1901 652 1965 cruciatur
675 1909 710 1966 et
730 1902 873 1966 sollicita
896 1908 956 1976 est,
973 1922 1015 1965 ne
1031 1899 1176 1964 eundem
1192 1900 1292 1983 paulo

179 2006 324 2090 ¹otpost
346 2009 525 2092 spoliatum
550 2008 640 2072 omni
665 2006 831 2091 dignitate
855 2004 1062 2089 conspiciat?
1108 2002 1175 2068 Sed
1208 2003 1292 2087 quid

194 2126 224 2172 10
245 2134 306 2198 ego
323 2120 462 2177 matrem
480 2113 551 2177 eius
569 2120 628 2176 aut
644 2110 780 2174 domum
796 2110 938 2195 appello,
956 2130 1057 2194 quem
1074 2129 1161 2172 nova
1185 2129 1293 2192 poena

245 2218 330 2303 legis
340 2225 375 2281 et
384 2216 482 2281 domo
493 2224 527 2281 et
539 2224 676 2301 parente
690 2223 725 2280 et
737 2216 884 2292 omnium
897 2235 1035 2278 suorum
1046 2212 1291 2277 consuetudine

244 2329 493 2406 conspectuque
521 2320 654 2406 privat?
700 2319 769 2383 Ibit
802 2320 906 2404 igitur
938 2319 972 2381 in
1003 2316 1144 2382 exilium
1168 2317 1293 2381 miser?

245 2425 348 2505 Quo?
376 2425 418 2490 ad
448 2426 630 2490 Orientisne
665 2425 778 2508 partis,
812 2424 847 2486 in
878 2422 1001 2507 quibus
1031 2442 1135 2485 annos
1166 2421 1291 2485 multos

244 2531 376 2616 legatus
394 2528 470 2605 fuit,
489 2531 656 2594 exercitus
680 2527 790 2603 duxit,
808 2549 860 2591 res
885 2527 1046 2590 maximas
1071 2525 1196 2610 gessit?
1242 2525 1293 2589 At

193 2648 222 2694 rt
244 2633 344 2698 habet
367 2656 527 2719 magnum
554 2633 711 2707 dolorem,
737 2631 826 2697 unde
850 2654 926 2697 cum
950 2631 1075 2695 honore
1099 2628 1290 2696 decesseris,

247 2737 361 2802 eodem
394 2759 470 2802 cum
502 2738 685 2823 ignominia
708 2738 841 2802 reverti.
888 2737 943 2800 An
969 2758 1003 2800 se
1026 2736 1060 2799 in
1090 2727 1291 2798 contrariam

276 2886 289 2947 ξ
311 2886 351 2935 88.
372 2884 417 2932 33.
440 2884 615 2946 praeclaro:
646 2897 690 2934 see
719 2897 754 2933 on
776 2885 925 2944 irnouinum
938 2882 996 2931 into
1008 2882 1054 2930 the
1063 2879 1168 2942 family,
1179 2880 1234 2929 and
1243 2880 1291 2930 the

244 2963 310 3027 §22
323 2964 346 3012 4.
776 2961 867 3010 masks
894 2959 923 3008 in
954 2957 1092 3007 Murena’s
1120 2957 1177 3006 hall
1209 2957 1289 3007 could

775 3044 824 3087 not
841 3036 975 3086 therefore
997 3035 1030 3084 be
1048 3048 1109 3096 very
1127 3047 1283 3085 numerous.

275 3115 301 3174 1,
312 3117 338 3165 2.
356 3117 440 3178 quod
469 3128 569 3176 omen,
596 3114 646 3164 ‘an
674 3128 754 3164 omen
774 3113 1007 3167 laureatam.
1041 3109 1194 3159 ‘wreathed
1222 3111 1291 3161 with

243 3193 361 3244 which:’
392 3194 438 3242 the
473 3193 597 3242 ominous
626 3191 698 3240 word
732 3191 755 3240 is
774 3188 877 3250 laurel,'
896 3202 931 3236 an
948 3188 1036 3237 honor
1051 3185 1193 3235 conferred
1211 3200 1287 3249 upon

244 3271 407 3332 adflixerttts
429 3275 458 3320 to
475 3269 564 3319 which
582 3282 657 3318 omen
681 3269 703 3316 is
726 3268 753 3316 in
774 3267 851 3316 those
875 3265 935 3314 who
957 3263 1011 3313 had
1040 3261 1251 3313 celebrated
1273 3278 1291 3313 a

242 3347 409 3408 apposition3
426 3346 515 3396 forits
527 3345 645 3407 position
660 3344 689 3392 in
706 3345 754 3392 the
774 3343 907 3404 triumph:
930 3355 974 3390 see
994 3341 1024 3402 ξς
1049 3341 1088 3400 11,
1108 3339 1143 3388 ad
1165 3339 1213 3403 flu,
1235 3341 1288 3391 and

243 3423 354 3472 relative
368 3421 467 3483 clause,
480 3420 514 3471 A.
528 3423 574 3471 201
594 3422 630 3482 d;
648 3420 680 3469 G.
695 3421 754 3482 6183
777 3421 813 3469 15.
833 3420 870 3468 13.

243 3497 561 3564 H.4459;B.2514b).
806 3493 1288 3557 §89.10.n0vapoena:seeon

275 3575 335 3622 3-5.
352 3574 522 3636 imaginem.
556 3575 609 3623 For
636 3574 683 3623 the
711 3575 754 3622 ius
774 3573 823 3632 §8.
838 3570 897 3620 2ad
910 3570 955 3619 fin.

242 3653 400 3712 irnopinum,
414 3665 457 3700 see
474 3665 509 3700 on
521 3665 547 3712 p.
562 3651 601 3711 55,
616 3651 646 3711 ἕξ
660 3650 698 3700 12.
714 3650 751 3698 13.
804 3646 908 3704 16,1·7.
924 3644 1155 3695 incontrariam
1164 3649 1286 3708 partem

243 3727 381 3777 Murena’s
408 3727 672 3790 great-grandfather
699 3724 754 3787 (see
773 3724 883 3773 abdet:
911 3724 955 3772 for
977 3724 1023 3773 the
1051 3736 1106 3773 acc.
1131 3723 1222 3774 where
1249 3737 1288 3773 we

243 3819 279 3857 on
305 3803 385 3870 rme)
414 3805 468 3856 had
493 3805 611 3868 brought
636 3805 682 3854 the
712 3805 754 3853 ius
774 3801 871 3853 should
884 3805 978 3864 expect
990 3800 1038 3850 the
1050 3799 1103 3850 abl.
1117 3800 1147 3850 of
1163 3800 1240 3864 place
1251 3799 1285 3853 oi.
