2678 4260
422 259 501 311 cnr.
527 260 613 322 14-15,
636 261 650 322 i
672 261 759 310 aaa
1098 247 1161 312 173

59 431 195 518 egregia
212 429 259 495 M.
278 430 426 507 Catonis,
443 432 560 515 proavi
576 433 645 507 tui;
668 453 736 515 quo
757 431 824 507 ille,
850 454 926 496 cum
949 438 1046 506 esset,
1071 439 1110 496 ut

59 556 123 621 ego
138 534 222 598 mihi
237 541 362 610 statua
380 535 468 609 talis,
486 535 619 618 qualem
640 541 673 598 te
698 557 769 599 esse
792 534 899 610 video,
925 556 1108 619 numquam

59 646 148 704 esset
171 637 354 723 profectus
371 639 399 702 si
419 660 495 703 cum
525 639 735 703 mulierculis
759 638 953 702 bellandum
977 638 1110 703 arbitra·
1200 646 1210 660 ‘

59 751 163 808 retur.
210 742 330 828 Neque
347 765 426 808 vero
443 765 518 807 cum
537 743 575 806 P.
593 742 756 807 Africano
772 751 908 807 senatus
921 745 1056 829 egisset,
1070 750 1109 807 ut

59 847 193 934 legatus
229 845 326 911 fratri
365 847 642 932 proficisceretur,
674 869 751 912 cum
791 849 861 932 ipse
892 848 993 932 paulo
1031 856 1108 913 ante
1132 865 1161 909 45

59 951 254 1017 Hannibale
278 974 320 1017 ex
344 951 444 1016 Italia
468 954 620 1038 expuls0,
637 975 679 1018 ex
702 952 821 1016 Africa
841 952 957 1027 eiect0,
975 952 1110 1017 Cartha-

57 1058 139 1144 gine
170 1045 328 1142 oppressa
358 1057 511 1121 maximis
542 1058 700 1150 periculis
731 1080 801 1122 rem
831 1056 1000 1141 publicam
1031 1057 1110 1122 libe-

59 1169 178 1238 rasset,
195 1163 260 1226 nisi
286 1160 373 1225 illud
392 1183 494 1248 grave
520 1161 646 1226 bellum
671 1171 706 1227 et
720 1162 899 1227 vehemens
923 1170 1107 1246 putaretur.

58 1283 122 1330 xv.
148 1267 258 1351 Atqui
268 1267 296 1330 si
308 1266 497 1352 diligenter,
507 1266 590 1350 quid
601 1266 813 1330 Mithridates
824 1268 1016 1354 potuer-itet
1026 1267 1109 1352 quid
1125 1283 1128 1287 ·

58 1369 211 1435 effecerit
233 1377 268 1435 et
291 1371 351 1455 qui
374 1371 426 1436 vir
455 1369 568 1444 fuerit,
594 1370 822 1445 considerans,
848 1371 1002 1435 omnibus
1027 1373 1109 1458 regi-

58 1473 132 1550 buS,
157 1473 358 1558 quibuscum
383 1474 529 1559 populus
552 1475 722 1538 Romanus
742 1474 869 1538 bellum
888 1476 1001 1560 gessit,
1018 1476 1106 1540 huuc

58 1568 173 1664 regem
204 1578 363 1642 nimirum
394 1579 591 1663 antipones3
625 1600 725 1663 quern
757 1579 795 1642 L.
831 1578 926 1643 Sulla
963 1581 1108 1644 maximo

58 1689 95 1746 et
109 1681 293 1747 fortissimo
309 1685 471 1758 exercitu,
488 1704 625 1769 pugnax
642 1691 676 1747 et
691 1705 766 1747 acer
787 1691 822 1748 et
844 1705 911 1747 non
934 1683 1026 1747 rudis
1050 1686 1108 1747 im·
1146 1705 1160 1749 5

58 1794 202 1871 perator,
219 1793 259 1851 ut
273 1786 368 1850 aliud
382 1787 467 1850 nihil
483 1787 601 1863 dicam,
619 1809 696 1851 cum
712 1788 800 1853 bello
816 1789 987 1852 invectum
1003 1796 1108 1852 totam

57 1890 94 1953 in
118 1890 236 1954 Asiam
262 1876 441 1976 cumpace
470 1890 598 1955 dimisit
607 1917 615 1966 ;
643 1914 743 1976 quem
772 1892 810 1954 L.
839 1891 991 1966 Murena,
1015 1901 1109 1976 pater

57 1994 208 2072 huiusce,
230 1995 520 2060 vehementissime
537 1997 860 2083 vigilantissimeque
879 2005 1037 2061 vexatum
1062 2020 1108 2062 re-

57 2120 212 2185 pressum
242 2121 364 2186 magna
399 2122 441 2165 ex
476 2108 579 2186 parte,
611 2123 678 2165 non
718 2123 913 2187 oppressum
949 2101 1106 2186 reliquit3

57 2204 119 2289 qui
150 2225 210 2269 rex
241 2203 304 2268 sibi
335 2205 467 2289 aliquot
496 2206 591 2270 anuis
623 2208 766 2292 sumptis
794 2205 837 2270 ad
867 2205 1106 2270 confirmandas
1133 2222 1159 2266 ιο

56 2308 206 2373 rationes
228 2315 264 2372 et
285 2309 396 2393 copias
421 2308 501 2374 belli
527 2317 660 2374 tautum
687 2333 745 2396 spe
771 2319 962 2395 conatuque
989 2311 1105 2384 valuit,

57 2419 99 2477 ut
120 2433 157 2477 se
189 2411 362 2484 Oceanum
389 2435 465 2476 cum
497 2412 616 2490 Ponto,
641 2414 767 2479 Sertori
797 2415 908 2500 copias
937 2437 1013 2478 cum
1037 2416 1106 2479 suis

56 2517 319 2582 coniuncturum
339 2524 485 2601 putaret.
533 2517 590 2581 Ad
613 2509 855 2602 quod’bellum
879 2518 1009 2583 duobus
1033 2521 1158 2583 con-33

57 2732 129 2782 quo,
141 2733 171 2770 as
183 2719 211 2769 in
229 2720 243 2781 ξ
259 2719 299 2770 28.
316 2719 353 2770 18.
388 2722 423 2767 nt
440 2755 445 2766 .
464 2755 469 2766 .
491 2755 496 2766 .
514 2722 575 2767 sta·
596 2722 641 2770 the
654 2721 726 2772 elder
739 2725 853 2773 Murena
865 2724 918 2772 had
931 2724 997 2772 been
1011 2736 1108 2771 unsuc·

56 2799 122 2853 tuo,
137 2794 181 2846 ‘as
194 2795 207 2844 I
219 2796 325 2858 picture
336 2795 395 2845 him
412 2800 440 2844 to
457 2795 573 2856 myself.'
595 2799 703 2859 cessful,
729 2800 782 2848 and
807 2799 900 2849 Cicero
923 2800 972 2847 has
997 2804 1025 2848 to
1045 2813 1107 2861 pass

56 2871 132 2920 talis
149 2906 155 2919 .
172 2907 178 2920 .
196 2907 201 2919 .
218 2871 320 2928 video.
332 2885 349 2920 a
360 2871 535 2932 eompliment
548 2876 576 2922 to
595 2886 659 2921 over
675 2874 731 2922 him
748 2888 778 2923 as
794 2874 891 2936 lightly
912 2888 941 2922 as
959 2874 1081 2935 possible.

58 2947 137 3009 Cato,
151 2962 181 2997 as
193 2953 221 2998 to
232 2941 367 3010 Sulpicius
380 2947 393 3008 ς
406 2948 445 2997 28.
459 2948 498 2996 22.
626 2949 727 3000 10-12.
744 2951 870 3013 aliquot,
894 2966 983 3001 seven.
1033 2952 1107 2999 rati-

91 3024 195 3082 4³.45.
213 3023 429 3083 arbitraretur:
458 3024 500 3073 for
527 3025 574 3073 the
595 3037 677 3083 ones,
691 3026 912 3087 ‘preparatione'
949 3025 1106 3074 Oceanum

59 3107 144 3161 tense,
163 3115 206 3152 see
223 3115 259 3150 ou
277 3101 427 3151 iudicarem
446 3101 478 3161 L,
491 3099 537 3148 29.
549 3101 571 3149 3.
594 3101 839 3160 comportetis
852 3099 973 3148 Atlantic
985 3101 1048 3148 with
1059 3101 1106 3148 the

58 3178 181 3240 legatus
191 3176 294 3225 fratri:
311 3178 357 3225 the
367 3177 458 3225 dative
470 3177 574 3239 usually
594 3175 709 3222 Euxine.
745 3172 873 3230 Sertori,
899 3174 963 3222 then
993 3174 1108 3236 fighting

59 3255 164 3305 follows
174 3252 519 3316 legatusbyanalogywith
529 3254 574 3302 the
594 3249 621 3296 in
634 3249 717 3310 Spain
732 3247 901 3310 (Creighton,
915 3263 940 3310 p.
955 3249 997 3309 69;
1016 3248 1104 3306 Ailou,

60 3331 123 3380 verb
133 3332 214 3396 inibe
222 3331 413 3392 phraseulicai
423 3330 518 3390 leem-i,
531 3329 574 3378 ‘to
594 3340 619 3387 p.
640 3327 698 3382 191;
715 3326 812 3387 Myers,
832 3339 857 3386 p.
876 3325 920 3383 933
938 3324 1059 3379 Pennell,
1078 3339 1103 3386 p.

60 3409 92 3458 be
104 3395 250 3471 appointed
261 3406 364 3469 legatus
377 3414 404 3454 to
416 3421 489 3455 some
502 3407 571 3455 one.’
595 3401 664 3463 116);
688 3402 736 3449 but
759 3403 805 3449 the
827 3400 940 3449 alliance
959 3401 1105 3449 amountcd

594 3484 622 3527 to
635 3479 758 3540 nothing,

91 3563 118 3620 6,
129 3562 153 3611 ⁷.
171 3564 208 3610 ut
226 3596 231 3607 .
249 3595 255 3606 .
273 3595 278 3606 .
296 3558 437 3607 dicam:
474 3560 509 3607 cf.
543 3564 573 3608 at
622 3554 1105 3617 .§33·13·d1¹0b¹1⁸0011⁵1111b1¹⁸=
1155 3549 1159 3556 “

61 3652 220 3696 ...aqam
241 3636 255 3697 ᾗ
273 3636 311 3684 10.
330 3635 370 3686 37.
406 3647 573 3697 cumpace
594 3631 624 3680 L.
650 3630 779 3680 Lucullus
805 3630 831 3693 (ᾖ
855 3632 893 3680 20.
921 3630 961 3691 12)
985 3631 1037 3680 aud
1067 3631 1103 3679 M.

61 3711 183 3768 dimieit
207 3712 264 3766 te..
288 3709 371 3758 failed
394 3715 422 3758 to
445 3723 570 3772 conquer.
595 3708 720 3757 Aurelius
744 3707 833 3756 Cotta.
882 3708 935 3755 For
957 3707 1004 3756 the
1032 3707 1106 3756 third

59 3787 240 3845 warena,
252 3788 356 3850 pater:
374 3799 418 3838 see
430 3798 466 3837 cn
486 3786 572 3849 Title;
593 3784 768 3837 Mithradatic
791 3799 853 3846 war,
878 3798 921 3837 see
949 3783 1104 3849 Creighton,
