2678 4260
426 266 507 322 cnr.
531 269 618 334 aaa,
642 273 656 334 s
679 268 765 325 tcto.
1097 253 1159 323 601

64 435 252 524 liberosque
268 448 398 506 vestros
423 442 459 504 in
480 463 515 507 re
538 442 672 527 publica
695 443 781 508 bona
804 466 875 509 esse
899 445 1049 519 visur0s3
1072 445 1108 507 in

64 545 105 607 iis
135 544 277 630 singulis
304 546 352 610 ita
379 567 510 630 semper
536 546 781 624 existimabitis,
812 549 902 613 vivo·
919 547 957 610 P.
990 547 1109 612 Clodio
1132 562 1161 608 ss

64 648 150 711 nihil
166 670 280 713 eorum
296 670 356 713 vos
373 650 503 714 visuros
520 651 634 714 fuisse.
681 651 722 713 In
745 674 838 736 spem
862 652 1040 715 maximam
1063 659 1108 729 et
1193 714 1195 719 .

64 773 165 836 quern
192 753 234 816 ad
261 753 399 817 modum
426 754 567 831 confide,
596 756 803 819 verissimam
828 777 943 820 sumus
970 755 1109 821 adducti

62 856 154 921 hunc
170 859 280 942 ipsum
295 880 422 922 aunum
437 858 499 923 hoc
515 860 587 943 ipso
610 881 740 923 summo
764 861 836 925 viro
860 861 997 925 consule
1022 881 1107 924 com·

62 983 176 1045 pressa
186 962 359 1026 hominum
374 964 521 1040 licentia,
535 963 776 1047 cupiditatibus
790 964 915 1041 fractis,
929 963 1060 1050 legibus
1074 971 1108 1029 et

62 1066 197 1131 iudiciis
214 1068 406 1132 constitutis
430 1068 613 1132 salutarem
636 1070 765 1134 civitati
791 1069 870 1133 fore.
918 1068 1008 1131 Num
1032 1069 1108 1152 quis
1131 1083 1161 1128 40

61 1178 115 1234 est
129 1171 235 1256 igitur
246 1179 315 1236 tam
327 1172 473 1248 demens,
487 1173 547 1256 qui
558 1171 620 1236 hoc
637 1172 676 1235 P.
688 1172 808 1237 Clodio
820 1174 898 1237 vivo
912 1173 1106 1258 contingere

61 1278 212 1360 potuisse
238 1277 441 1342 arbitretur?
486 1276 603 1357 Quid?
638 1298 686 1353 ea,
715 1299 800 1361 quae
833 1277 954 1341 tenetis
977 1277 1109 1361 privata

61 1387 163 1464 atque
202 1388 323 1457 vestra,
362 1380 554 1446 dominante
593 1381 727 1447 homine
758 1380 886 1445 furioso
924 1381 1017 1465 quod
1053 1381 1106 1445 ius

60 1492 243 1569 perpetuae
259 1486 477 1570 possessionis
493 1485 613 1552 habere
630 1486 844 1571 potuissent?

105 1605 212 1652 XXIX.
244 1589 322 1653 Non
354 1591 468 1666 timeo,
494 1590 632 1667 iudices
668 1613 709 1655 ne
744 1589 820 1654 odio
857 1590 1107 1654 inimicitiarum
1136 1610 1140 1617 ·

60 1714 211 1757 mearum
234 1692 461 1758 inflammatus
484 1694 659 1759 lubentius
683 1694 764 1758 haec
788 1695 821 1756 in
840 1695 937 1757 illum
953 1715 1105 1759 evomere

60 1796 176 1862 videar
192 1818 293 1881 quam
309 1799 432 1863 verius.
478 1798 623 1875 Etenim,
640 1799 668 1861 si
692 1799 908 1882 praecipuum
924 1819 996 1862 esse
1012 1797 1107 1863 debe-

59 1901 127 1975 bat,
145 1908 257 1966 tamen
272 1903 320 1966 ita
336 1903 520 1966 communis
538 1910 608 1966 erat
624 1903 772 1966 omnium
796 1903 852 1966 ille
876 1901 991 1979 hostis,
1008 1909 1048 1966 ut
1070 1903 1106 1965 in

59 2008 230 2070 communi
246 2006 322 2071 odio
335 2029 438 2091 paene
455 2009 641 2092 aequaliter
653 2013 843 2073 versaretur
858 2007 972 2070 odium
985 2027 1105 2070 meum.
1129 2022 1144 2067 s

59 2111 137 2174 Nou
168 2118 280 2194 potest
310 2111 376 2175 dici
406 2112 497 2187 satis,
524 2133 565 2175 ne
597 2112 738 2197 cogitari
765 2109 913 2195 quidem,
940 2117 1104 2194 quantum

57 2216 93 2278 in
110 2215 169 2278 illo
185 2215 330 2291 sceleris,
347 2223 514 2299 quantum
535 2215 631 2280 exitii
654 2214 769 2280 fuerit.
816 2213 909 2294 Quin
932 2216 978 2277 sic
1002 2217 1158 2280 atten-79

58 2320 139 2394 dite,
166 2318 305 2383 iudices.
367 2319 494 2403 Nempe
525 2319 606 2384 haec
638 2326 690 2384 est
720 2319 871 2404 quaestio
899 2317 939 2382 de
964 2319 1105 2382 interitu

58 2423 99 2490 Ρ.
117 2422 226 2486 Clodi.
274 2423 410 2509 Fingite
437 2423 557 2488 animis
577 2423 719 2507 (liberae
748 2430 829 2487 sunt
855 2423 945 2487 enim
971 2429 1104 2486 nostrae

56 2529 280 2613 cogitationes
304 2534 347 2604 et,
365 2548 450 2611 quae
475 2528 606 2605 volunt,
626 2529 675 2593 sic
702 2529 889 2603 intuentur,
913 2534 953 2590 ut
979 2547 1018 2591 ea
1040 2547 1107 2590 cer·
1130 2541 1159 2587 10
1210 2559 1213 2565 ,
1237 2562 1239 2570 ·

91 2722 157 2784 §ld
176 2722 222 2771 ³8.
239 2722 308 2770 viro
328 2722 465 2771 consule.
491 2723 571 2772 Pom·
597 2728 690 2784 treme,
710 2723 764 2773 still
787 2724 822 2772 he
840 2736 895 2772 was
913 2737 943 2772 so
960 2722 1042 2771 much
1060 2722 1107 2771 the

57 2802 135 2863 peius
146 2800 201 2848 had
212 2799 281 2848 been
299 2799 401 2848 elected
420 2798 491 2848 ‘sole
508 2813 572 2848 con·
596 2813 692 2860 enemy
704 2800 733 2848 oi
750 2799 785 2847 all
798 2799 870 2847 alike
889 2799 949 2846 that
968 2798 989 2846 it
1007 2798 1107 2859 ranged

57 2876 119 2936 sul‚’
138 2876 293 2939 something
312 2876 429 2925 without
447 2889 463 2924 a
482 2888 571 2937 prece·
596 2880 684 2936 pretty
696 2874 779 2924 much
790 2888 864 2936 upon
877 2874 923 2923 the
935 2873 1004 2923 level
1015 2874 1044 2922 of
1060 2874 1107 2922 the

57 2953 132 3013 dent,
151 2952 206 3001 end
216 2952 365 3015 „involving
384 2966 401 3000 a
421 2952 570 3002 contradic·
596 2951 703 3014 general
711 2951 825 3000 hatred.’
851 2951 938 3001 Forsi
949 2986 955 2997 .
967 2986 972 2998 .
985 2985 990 2997 .
1002 2953 1107 2999 tamen

57 3030 116 3078 tion
139 3029 168 3078 oi
191 3034 283 3090 terme,
308 3042 338 3078 as
360 3028 455 3078 consul
477 3041 571 3078 means
596 3029 631 3078 ci.
646 3028 699 3076 111.
714 3026 791 3077 ’1.18.

59 3104 229 3168 ‘colleague'
628 3103 701 3166 §va
724 3104 805 3153 7-10.
835 3103 915 3162 Quin
944 3103 1106 3161 attendite,

598 3179 697 3244 ‘Whyl
721 3181 798 3231 Look
820 3184 849 3229 at
871 3181 893 3230 it
914 3179 998 3229 thus.'
1039 3180 1107 3230 This

90 3257 246 3307 1-4.0d10
260 3257 509 3311 inimicitiarum:
527 3271 571 3307 see
598 3272 643 3308 use
663 3258 692 3308 oi
709 3259 775 3319 qaia
799 3256 839 3319 (=
855 3258 932 3319 ‘why
955 3255 1059 3316 noti')
1078 3262 1107 3306 to

57 3350 94 3386 on
106 3334 237 3384 Mun56.
251 3336 289 3385 18.
325 3335 384 3384 The
396 3335 469 3384 word
481 3336 571 3385 inimi·
596 3335 754 3397 strengthen
772 3348 807 3383 an
826 3333 985 3396 imperative
1004 3332 1027 3382 is
1048 3347 1106 3382 rare

58 3415 142 3463 cilice
154 3413 177 3461 is
188 3417 237 3461 not
248 3411 334 3462 found
347 3413 376 3460 in
387 3412 435 3460 the
451 3411 571 3474 singular
597 3412 624 3460 in
646 3412 694 3461 the
717 3411 844 3460 orations.
886 3409 1003 3458 liberae
1025 3412 1106 3467 sunt,

57 3491 86 3538 in
111 3488 229 3539 Cicero’s
246 3489 388 3538 orations·
410 3487 569 3536 lubentius
596 3493 657 3550 etc,
673 3488 741 3538 ‘our
756 3488 888 3550 thoughts
905 3500 951 3536 are
974 3487 1039 3548 free,
1052 3487 1106 3536 and

57 3577 152 3627 quam
177 3565 296 3614 verius:
325 3564 369 3613 for
396 3565 444 3614 the
472 3564 569 3614 double
595 3566 663 3614 view
686 3579 716 3614 as
738 3563 842 3626 plainly
859 3564 907 3612 the
924 3563 1017 3625 things
1041 3564 1108 3624 they

56 3642 248 3705 comparative,
268 3639 295 3690 A
315 3642 374 3703 1923
398 3640 431 3690 G.
452 3641 513 3702 3143
531 3641 566 3690 H.
596 3641 663 3691 wlsh
675 3655 705 3689 as
717 3653 757 3690 we
768 3640 933 3702 distinguish
944 3639 992 3688 the
1003 3638 1107 3701 objects

55 3720 140 3769 4442.
174 3718 203 3766 si
219 3717 429 3780 praecipuum,
440 3722 502 3778 etc,
517 3717 570 3767 ‘al-
595 3719 683 3767 which
695 3731 735 3766 we
747 3715 810 3766 see’
845 3715 1000 3765 cernimus
1013 3728 1107 3764 means

55 3795 162 3861 though
174 3808 220 3860 my
230 3795 327 3846 hatred
338 3795 422 3857 ought
435 3795 507 3845 tobe
524 3808 570 3844 ex·
597 3793 777 3858 ‘distinguish
811 3793 846 3858 by
879 3793 943 3866 the·
963 3789 1104 3856 eyesight,'
