2678 4260
156 241 220 308 466
505 252 579 303 rso
602 253 633 302 r.
658 251 786 303 suerro
809 250 957 302 omno.

209 426 408 493 omninode
432 427 570 492 civitate
594 447 666 491 esse
690 425 871 501 sublatum,
889 426 1054 503 consules,
1072 426 1131 512 qui
1155 425 1262 493 duces

208 532 335 618 publici
360 530 491 596 consilii
517 551 589 595 esse
617 528 787 605 deberent,
804 529 994 614 perfecisse,
1019 537 1060 594 ut
1085 552 1145 615 per
1168 532 1261 616 ipsos

169 636 380 721 spublicum
404 635 582 699 consilium
607 632 763 697 funditus
787 633 973 710 tolleretur,
991 656 1057 710 eoS,
1075 635 1134 719 qui
1158 634 1262 719 pluri·

208 763 301 804 mum
327 747 474 825 possent,
492 739 615 824 opponi
648 738 802 803 omnibus
833 739 1046 803 contionibus
1074 737 1173 816 falec,
1197 740 1259 805 sed

208 843 421 908 formidolose
449 851 562 907 tamen
590 850 743 907 auctores
771 842 814 908 ad
840 843 1022 929 perniciem
1048 864 1166 920 meam,
1183 866 1260 908 con-

208 949 315 1013 tiones
339 947 452 1012 haberi
474 946 597 1012 cotidie
620 955 737 1011 contra
754 969 817 1022 me,
834 969 951 1012 vocem
976 968 1035 1032 pro
1061 969 1112 1012 me
1134 969 1173 1012 ac
1196 970 1257 1032 pro

207 1051 399 1136 republica
429 1052 597 1116 nemiuem
629 1052 772 1128 mittere,
800 1052 932 1115 intenta
958 1051 1055 1137 signa
1084 1051 1257 1138 legionum

156 1171 184 1216 10
206 1156 391 1220 existimari
407 1154 597 1220 cervicibus
620 1177 658 1219 ac
682 1154 777 1219 bonis
801 1155 923 1220 vestris
946 1154 1043 1232 falec,
1060 1154 1120 1220 sed
1143 1157 1256 1240 putari

207 1267 329 1335 tamen,
356 1260 605 1323 coniuratorum
633 1260 751 1343 copias'
771 1266 902 1324 veteres
929 1267 964 1324 et
990 1257 1131 1323 effusam
1162 1260 1256 1324 illam

207 1381 244 1425 ac
260 1359 466 1445 dissupatam
484 1360 649 1424 Catilinae
668 1361 883 1445 inportunam
899 1382 1036 1424 manum
1058 1382 1146 1427 novo
1170 1361 1256 1427 duce

207 1472 243 1530 et
277 1466 446 1548 insperata
484 1465 744 1529 commutatione
783 1487 894 1529 rerum
932 1486 1003 1530 esse
1041 1474 1254 1531 renovatam:

154 1563 287 1633 canace
312 1590 389 1632 cum
413 1568 573 1645 viderem,
591 1567 674 1652 quid
700 1590 843 1665 agerem,
868 1568 1021 1634 iudices?
1066 1567 1141 1634 Scio
1165 1571 1255 1635 enim

155 1688 183 1733 15
206 1680 280 1736 tum
296 1694 362 1736 non
380 1672 461 1735 mihi
477 1679 628 1737 vestrum
644 1672 806 1750 studium,
820 1672 880 1738 sed
896 1695 1005 1739 meum
1023 1695 1124 1758 prope
1141 1681 1255 1739 vestro

206 1776 363 1841 defuisse.
420 1776 667 1864 Contenderem
694 1783 811 1841 contra
838 1776 1011 1842 tribunum
1033 1777 1078 1862 pl.
1102 1778 1255 1862 privatus

207 1881 331 1944 armis?
376 1880 548 1945 Vicissent
578 1881 733 1965 inprobos
758 1880 847 1958 boui,
867 1880 970 1946 fortes
995 1882 1131 1956 inertis;
1156 1882 1256 1947 inter-

206 1984 315 2049 fectus
343 1985 496 2060 essetis,
525 1985 585 2068 qui
614 1984 676 2049 hac
707 2006 775 2048 una
806 1984 972 2049 medicina
1002 1985 1072 2049 sola
1099 1987 1255 2070 potuita

206 2087 431 2172 reipublicae
457 2095 551 2171 peste
577 2087 720 2172 depelli3
746 2088 829 2173 quid
854 2088 999 2153 deinde?
1022 2090 1099 2174 quis
1122 2090 1254 2176 reliqua

154 2208 184 2254 ro
206 2192 413 2276 praestaret?
438 2193 494 2255 cui
510 2191 656 2276 denique
673 2200 745 2257 erat
761 2191 912 2270 dubium,
929 2194 1012 2277 quin
1035 2194 1092 2259 ille
1115 2198 1254 2282 sanguis

206 2294 416 2371 tribunicius,
433 2296 528 2358 nullo
544 2297 740 2380 praesertim
763 2297 898 2381 publico
922 2298 1061 2363 oonsilio
1084 2298 1253 2382 profusus,

206 2400 360 2464 consules
388 2399 514 2463 ultores
542 2407 577 2463 et
603 2398 794 2465 defensores
822 2408 910 2466 esset
939 2401 1140 2467 habiturus?
1176 2425 1253 2468 cum

206 2501 344 2587 quidam
360 2503 393 2564 in
411 2503 566 2567 contione
583 2502 726 2568 dixisset
741 2512 801 2568 aut
816 2505 898 2567 mihi
916 2506 1020 2570 semel
1043 2507 1253 2590 pereundum

206 2613 266 2670 aut
291 2606 341 2671 bis
367 2628 436 2670 esse
457 2606 672 2672 vincendum.
720 2607 814 2686 Quid
837 2617 910 2674 erat
934 2608 983 2674 bis
1005 2611 1166 2675 vincere?
1213 2611 1254 2675 Id

239 2793 304 2856 542.
330 2794 413 2841 4-14.
438 2794 572 2856 consilii,
592 2795 641 2844 the
659 2809 718 2845 sen·
772 2797 849 2858 §43.
883 2797 984 2847 16-22.
1025 2798 1186 2847 tribunum
1213 2800 1253 2862 pL

205 2875 257 2920 ate.
282 2869 335 2931 qni
346 2905 352 2917 .
365 2905 370 2917 .
383 2873 536 2931 possent,
544 2871 591 2920 the
600 2877 716 2934 regente.
740 2871 896 2932 privatus:
914 2873 957 2922 for
969 2874 1087 2936 position
1095 2874 1130 2923 ci.
1141 2874 1202 2936 §41-
1213 2876 1251 2925 14.

206 2946 330 3007 opponi,
349 2946 481 3008 ‘paraded
502 2946 613 2996 before?
649 2960 719 2996 auc·
741 2947 903 2998 Vicissent
925 2985 931 2998 .
954 2984 960 2997 .
983 2985 989 2998 .
1013 2949 1134 3012 depelli,
1153 2964 1170 3000 a
1192 2966 1254 3014 eup-

205 3025 298 3078 τοῖσι,
321 3022 349 3070 in
367 3036 428 3084 app.
451 3029 481 3072 to
501 3037 553 3084 eos,
577 3023 595 3072 l.
617 3024 640 3073 5.
675 3024 720 3073 in·
741 3026 822 3087 posed
845 3041 950 3077 answcr
978 3032 1006 3076 to
1034 3028 1081 3076 the
1108 3028 1255 3091 preceding

204 3100 300 3154 tenta,
320 3098 422 3147 ‘aimed
450 3099 497 3160 at,'
524 3098 717 3150 ‘threatened'
741 3102 884 3163 question:
910 3102 953 3152 ior
975 3103 1089 3165 protasis
1112 3103 1209 3167 supply
1229 3104 1253 3154 si

206 3173 365 3223 Catilinae.
397 3175 490 3225 Cicero
501 3184 650 3238 represents
659 3176 720 3226 Clo·
743 3179 933 3228 contendisses.
964 3178 1127 3237 medicina,
1139 3179 1195 3244 i.e.,
1206 3181 1253 3230 the

205 3251 266 3300 dius
276 3265 305 3300 as
324 3252 371 3300 tire
387 3266 525 3302 successor
536 3252 590 3301 and
603 3267 720 3315 avenger
741 3254 823 3303 death
840 3254 870 3303 oi
892 3254 1015 3305 Clodius:
1043 3255 1087 3304 ior
1103 3256 1151 3305 the
1168 3264 1253 3307 meta·

205 3327 235 3376 oi
252 3326 379 3390 Catilina,
399 3330 488 3378 intent
505 3344 579 3391 upon
597 3331 720 3392 carrying
741 3331 810 3392 phor
844 3332 879 3380 ci.
909 3331 922 3392 ἓ
951 3331 990 3380 31.
1014 3331 1054 3380 34.
1099 3335 1197 3393 peste,
1224 3334 1251 3383 in

205 3404 307 3452 outhis
325 3404 412 3466 pians.
447 3404 525 3454 haee
544 3418 616 3454 eum
633 3406 719 3454 vide·
741 3407 828 3456 active
848 3419 938 3456 sense:
958 3407 1036 3456 fora
1059 3422 1192 3470 synonym
1215 3411 1250 3458 ci.

205 3490 276 3536 rem,
289 3479 414 3541 repeated
435 3480 505 3529 from
526 3479 542 3530 l.
564 3483 590 3542 13
608 3483 635 3530 in
653 3483 718 3530 such
729 3504 731 3537 5
743 3482 791 3532 lV.
805 3482 850 3530 22.
868 3483 912 3544 323
930 3483 1004 3532 what
1022 3482 1089 3531 kind
1110 3484 1139 3533 of
1155 3498 1172 3533 a
1189 3499 1250 3548 gen.

205 3567 279 3602 cases
294 3555 406 3616 inquam
419 3568 450 3602 or
466 3557 552 3615 icitur
575 3557 595 3604 ie
615 3557 719 3619 usually
729 3540 731 3561 ¹
742 3558 763 3606 is
775 3557 974 3617 reipublicae?
1007 3561 1195 3619 praestaret:
1216 3560 1250 3609 cf.

206 3629 330 3678 inserted.
365 3642 501 3691 agerem:
519 3631 561 3680 ior
573 3632 652 3681 mood
665 3632 718 3680 and
742 3635 806 3693 §38-
820 3634 859 3684 34.
895 3634 1014 3683 ultores
1022 3638 1055 3683 et
1063 3634 1252 3695 defensores,

205 3711 282 3755 tense
300 3706 334 3756 cf.
358 3707 500 3767 irascerer,
520 3708 570 3769 Ep.
588 3708 672 3760 XVI.
692 3709 718 3756 1.
741 3712 869 3772 hysteron
898 3716 1038 3772 proteron:
1066 3725 1110 3763 see
1133 3725 1169 3761 on
1200 3712 1252 3768 IV.

205 3783 234 3851 43
250 3796 280 3834 so
293 3783 492 3847 Ooatcndercm,
508 3784 524 3834 l.
541 3786 578 3834 16.
740 3786 836 3840 21.14.
