2678 4260
390 256 472 310 err.
494 258 583 323 cras,
607 257 621 322 s
645 229 764 311 aona
1090 245 1158 315 649

53 439 136 497 sunt
152 428 193 497 de
209 431 280 496 suis
296 430 492 495 civitatibus
517 432 636 507 meriti,
654 440 749 496 tanta
770 406 870 496 hodie
893 432 1001 518 gloria
1023 441 1105 498 sunt

54 558 122 599 non
146 537 181 599 in
207 534 350 600 Graecia
375 535 496 611 solum,
520 535 581 600 sed
605 537 705 600 etiam
732 535 824 620 apud
851 558 911 600 nos
939 544 1043 622 atque
1066 538 1102 600 in

54 641 174 704 ceteris
199 639 306 715 terriS,
325 646 364 702 ut
385 660 452 714 eoa,
470 661 489 702 a
512 639 635 723 quibus
660 640 711 702 illi
736 641 885 724 oppressi
912 641 991 716 sint,
1009 663 1106 705 nemo
1127 656 1142 702 5

55 745 215 818 nominet,
232 742 352 807 horum
369 743 593 807 calamitatem
608 743 828 807 dominationi
841 743 976 807 illorum
989 765 1104 809 omnes

54 851 272 927 anteponant.
320 842 405 921 Quis
423 842 752 928 Carthaginiensium
769 843 875 926 pluris
891 842 960 906 fuit
976 844 1105 907 Hanni·

56 945 129 1008 bale
149 945 297 1019 consilio,
322 945 459 1018 virtute,
486 942 585 1006 rebus
609 944 723 1028 gestis,
748 944 808 1026 qui
833 964 921 1006 unus
949 965 1026 1008 cum
1049 952 1102 1009 tot

55 1046 311 1130 imperatoribus
338 1048 461 1111 nostris
487 1068 547 1130 per
567 1055 619 1110 tot
643 1068 748 1111 annos
775 1046 816 1111 de
836 1032 980 1132 imperio
1004 1046 1103 1112 etde

54 1151 163 1235 gloria
179 1149 387 1215 decertavit?
434 1150 536 1213 Hunc
552 1153 604 1213 sni
621 1152 711 1215 cives
725 1172 742 1212 e
759 1151 897 1214 civitate
913 1152 1104 1225 eiecerunt3
1128 1167 1157 1212 10

55 1274 116 1316 nos
133 1255 235 1317 etiam
258 1254 388 1317 hostem
414 1255 536 1319 litteris
563 1256 684 1318 nostris
707 1262 743 1317 et
768 1256 926 1318 memoria
950 1254 1102 1319 videmus

55 1379 129 1423 esse
146 1356 361 1421 celebratum.
409 1356 520 1436 Quare
543 1359 715 1421 imitemur
736 1367 867 1422 nostros
892 1358 1026 1433 Brutos,
1045 1358 1105 1422 Ca·
1120 1360 1178 1422 148

55 1461 176 1536 millos,
209 1461 346 1535 Ahalas,
379 1461 511 1536 Decios,
544 1461 674 1537 Curios
708 1461 887 1538 Fabricios,
927 1463 1102 1537 Maximos

56 1563 430 1648 Scipiones,'Lentulos,
448 1565 622 1640 Aemilios,
640 1566 901 1629 innumerabiles
925 1566 1020 1641 alica,
1045 1568 1104 1650 qni

56 1667 143 1732 hanc
173 1689 241 1732 rem
273 1669 443 1752 publicam
475 1667 732 1743 stabiliverunt3
772 1690 856 1754 quos
889 1669 1046 1754 equidem
1069 1672 1102 1732 in
1128 1685 1156 1729 15

56 1770 196 1835 deorum
212 1772 451 1836 immortalium
475 1780 573 1836 coetu
598 1794 635 1836 ac
661 1794 801 1836 numero
825 1794 960 1856 repono.
1006 1774 1106 1837 Ame-

56 1896 132 1938 mus
163 1877 314 1959 patriam,
354 1896 527 1959 pareamus
564 1878 707 1951 senatui,
738 1877 953 1940 consulamus
991 1877 1104 1952 bonis3

56 1980 241 2064 praesentis
259 1979 391 2042 fructus
417 1979 644 2064 neglegamus,
672 1982 877 2064 posteritatis
901 1981 1026 2065 gloriae
1043 2002 1107 2044 ser·

56 2085 199 2159 viamus,
222 2083 257 2146 id
279 2105 350 2148 esse
374 2084 541 2167 optimum
565 2093 735 2167 putemus,
761 2084 853 2168 quod
876 2087 941 2148 erit
964 2086 1107 2148 rectissi-

56 2210 160 2264 mum,
191 2210 373 2272 speremus,
405 2209 491 2272 quae
524 2189 689 2263 volumus
718 2188 788 2257 sed,
821 2189 912 2273 quod
936 2189 1106 2264 acciderit,
1130 2205 1160 2250 ao

56 2292 214 2367 feramus,
243 2293 431 2377 cogitemus
460 2290 605 2376 denique
633 2314 754 2376 corpus
787 2295 935 2356 virorum
965 2292 1105 2356 fortium

56 2416 324 2480 magnorumque
341 2394 515 2457 hominnm
540 2416 610 2459 esse
636 2397 785 2472 mortale,
810 2398 911 2459 animi
941 2418 1019 2461 vero
1043 2419 1109 2461 mo

55 2507 114 2563 tus
153 2506 188 2563 et
224 2499 362 2563 virtutis
401 2499 540 2583 gloriam
579 2501 828 2583 sempiternam,
860 2521 980 2584 neque,
1020 2500 1105 2564 hanc

55 2603 249 2687 opinionem
272 2603 299 2666 si
323 2604 358 2664 in
382 2602 441 2664 illo
468 2603 678 2666 sanctissimo
706 2603 854 2667 Hercule
880 2610 1107 2667 consecratam

52 2705 222 2789 videmus,
242 2707 337 2770 ouius
355 2726 491 2788 corpore
508 2705 662 2769 ambusto
679 2707 785 2772 vitam
798 2708 871 2771 eius
894 2716 930 2772 et
945 2707 1109 2772 virtutem
1131 2725 1160 2770 25

92 2866 105 2926 ξ
127 2866 181 2914 142.
214 2865 295 2913 7-10.
319 2863 432 2926 pluris:
455 2863 498 2914 ior
514 2877 574 2912 case
597 2863 729 2928 belonged
756 2871 786 2915 to
812 2866 860 2915 the
886 2881 952 2927 gens
980 2866 1106 2916 Aemilia.

56 2943 93 2992 cf.
107 2942 157 3003 Ep.
171 2941 265 2992 XVII.
280 2941 305 2988 2.
324 2942 363 2990 20.
400 2940 493 2990 Hunc
509 2939 573 2988 sut:
628 2939 730 2988 22-24.
748 2941 842 2989 animi
862 2942 974 2997 motus,
988 2941 1051 2989 ‘the
1067 2955 1110 2990 ac-

55 3019 101 3066 for
122 3019 170 3066 the
194 3015 319 3066 reflexive
341 3017 469 3079 meaning
493 3015 571 3074 ‘his’
596 3015 717 3077 tivityof
733 3017 781 3065 the
799 3016 895 3065 mind.'
930 3028 1046 3076 neque:
1063 3017 1109 3065 the

56 3101 107 3143 not
121 3094 225 3153 ‘theia'
240 3108 284 3143 see
296 3108 332 3143 on
345 3094 398 3143 ΙΙΙ.
413 3093 457 3141 27.
469 3094 492 3142 6.
596 3093 722 3154 negative
738 3106 802 3156 goes
820 3093 887 3142 with
904 3095 1001 3142 minua.
1045 3092 1110 3154 opi-

90 3172 171 3230 §143-
191 3169 293 3218 12-14.
317 3170 440 3226 Brutos,
463 3169 573 3218 Camil·
595 3169 739 3218 aionem.
752 3172 1012 3226 ..consecratam
1036 3167 1109 3218 ‘this

57 3248 114 3303 los,
127 3248 205 3295 ‘men
216 3247 270 3296 like
278 3247 388 3307 Brutus,
399 3246 470 3307 etc.,’
480 3247 574 3296 these
596 3245 679 3295 belief
694 3247 744 3296 has
770 3246 880 3296 become
907 3259 943 3293 an
965 3245 1059 3294 article
1081 3246 1111 3294 oi

57 3323 144 3372 called
152 3324 259 3385 generie
267 3322 363 3384 plural.
395 3322 573 3371 'l'beLentalt
596 3322 667 3371 faith
680 3321 891 3384 (consecratam)
905 3323 934 3371 in
948 3321 995 3370 the
1011 3335 1109 3384 person

57 3400 112 3449 and
132 3399 248 3448 Aemilii
268 3412 314 3448 are
333 3397 459 3447 included
478 3398 506 3447 in
519 3399 573 3446 this
596 3398 626 3447 oi
654 3399 701 3448 the
723 3398 788 3460 holy
808 3397 958 3448 Hercules.’
1000 3397 1107 3458 Pollux,

58 3477 104 3525 list
116 3477 146 3524 oi
162 3475 272 3523 ancient
284 3475 411 3524 worthies
423 3473 574 3536 merelybe-
598 3474 736 3535 Heroides,
754 3473 809 3523 and
834 3472 966 3523 Romulus
996 3474 1051 3533 (see
1074 3487 1110 3522 on

57 3565 138 3600 cause
166 3552 213 3600 the
241 3550 336 3599 consul
365 3550 498 3600 Lentulus
519 3550 573 3599 had
597 3550 689 3600 III.2.
706 3549 748 3613 12)
767 3564 837 3600 were
854 3549 976 3600 believed
995 3555 1024 3599 to
1040 3551 1110 3599 have

57 3633 129 3680 done
141 3645 171 3680 so
184 3631 266 3680 much
282 3629 327 3679 ior
343 3630 446 3690 Cicero,
459 3630 513 3679 and
529 3630 574 3679 be
597 3626 692 3688 passed
704 3626 817 3688 directly
824 3627 884 3674 into
895 3625 942 3674 the
953 3626 1070 3675 number
1080 3627 1111 3676 oi

57 3719 139 3754 cause
157 3719 209 3754 one
229 3710 259 3753 at
279 3704 348 3754 least
365 3705 395 3753 of
411 3705 458 3753 the
474 3705 572 3765 J'urcrs,
597 3703 644 3751 tbe
655 3703 720 3764 gods
732 3716 768 3751 on
780 3706 895 3751 account
906 3701 936 3751 oi
954 3702 1002 3750 the
1018 3702 1111 3764 manly

56 3783 107 3832 the
118 3782 236 3831 Scaums
248 3782 279 3830 of
295 3782 324 3843 ἐξ
338 3782 392 3831 116,
407 3780 517 3843 173101.
532 3781 571 3841 12,
597 3779 746 3841 perfectiori
759 3779 789 3827 oi
804 3778 877 3827 their
886 3777 954 3828 lives
968 3791 1004 3827 on
1021 3779 1108 3830 earth.
