2678 4260
504 263 699 321 EXCURSUS
724 266 777 321 ΙΙΙ.

506 538 699 590 EXCURSUS
723 540 775 590 111.

364 682 510 733 cansan’s
528 695 645 732 senncn
663 697 695 735 m
713 698 772 734 rnre
791 696 917 737 sartura.

404 825 509 879 [Sallust
520 826 576 879 Cap.
586 828 620 868 51.
646 827 707 869 Text
716 829 741 869 oi
755 828 879 882 schmalz.]

124 955 169 1005 51.
189 955 315 1008 “Omnis
348 959 483 1021 homines,
518 964 608 1022 patres
634 960 674 1024 gis
688 962 743 1011 irae
754 969 860 1012 vostrae
877 977 958 1025 quam
975 964 1064 1014 iarnae
1082 979 1144 1015 con-

92 1035 245 1096 conscripti,
256 1036 303 1096 qui
313 1035 346 1084 de
356 1036 435 1085 rebus
447 1036 535 1086 dubiis
546 1051 608 1086 con·
634 1037 737 1089 sulatis.
774 1039 844 1088 Nam
858 1041 880 1089 si
898 1041 980 1103 digna
992 1055 1079 1103 poena
1096 1057 1144 1105 pro
1167 1050 1182 1093 8

92 1111 203 1173 subant,
215 1114 249 1161 ab
259 1114 320 1162 odio
332 1115 462 1175 amicitia,
475 1115 514 1163 ira
526 1119 608 1177 atque
634 1114 713 1163 factis
741 1130 833 1165 eorum
867 1117 1007 1178 reperitur,
1042 1131 1144 1168 novum

92 1188 399 1240 misericordia'vacuos
432 1205 489 1240 esse
522 1150 776 1241 deceticonsilium
805 1193 936 1254 approbo:
969 1194 1012 1242 sin
1042 1195 1144 1256 magni-

62 1264 174 1313 2Haud
187 1265 266 1314 facile
283 1268 390 1317 animus
408 1282 502 1317 verum
520 1268 608 1330 provi·
635 1267 700 1316 tudo
717 1269 823 1318 sceleris
840 1270 961 1319 omnium
979 1271 1087 1332 ingenia
1101 1286 1145 1319 ex-

91 1341 146 1402 det,
160 1342 206 1390 ubi
223 1341 269 1391 illa
286 1343 418 1405 officiunt,
433 1359 519 1407 neque
537 1345 608 1407 quis·
633 1351 751 1405 superat,
767 1346 798 1394 iis
810 1347 940 1394 utendum
958 1361 1062 1408 censeo,
1075 1362 1144 1409 quae

92 1432 174 1479 quam
194 1420 315 1469 omnium
339 1420 454 1470 lubidini
477 1421 558 1471 simul
581 1427 608 1471 et
633 1419 735 1482 legibus
747 1428 901 1484 comparata
915 1429 987 1472 sunt.
1021 1424 1143 1486 Plerique
1167 1432 1182 1476 9

62 1495 152 1544 3usui
164 1496 261 1557 paruit.
299 1496 353 1546 Ubi
370 1497 518 1547 intenderis
536 1499 608 1562 inge·
633 1511 735 1553 eorum,
760 1499 806 1559 qui
834 1503 897 1546 ante
925 1513 968 1548 me
996 1501 1144 1548 sententias

60 1625 61 1628 Ἴ
91 1572 177 1632 nium,
191 1571 275 1622 valet:
292 1574 315 1622 si
327 1573 419 1623 lubido
435 1575 563 1637 possidet,
576 1588 608 1624 ea
633 1573 768 1635 dixerunt,
792 1576 940 1637 composite
968 1581 1049 1637 atque
1071 1590 1144 1640 mag-

91 1648 255 1711 dominatur‚
288 1650 396 1699 animus
428 1650 498 1699 nihil
527 1651 605 1701 valet.
633 1649 712 1699 nifice
740 1665 832 1699 casum
856 1652 893 1700 rei
922 1652 1044 1714 publicae
1067 1639 1144 1704 mise-

62 1730 77 1775 4
91 1725 191 1788 Magna
202 1726 271 1775 mihi
283 1727 360 1788 copia
372 1731 413 1776 est
428 1728 605 1789 memorandi,
633 1727 684 1774 rati
699 1734 775 1776 sunt:
791 1742 859 1789 quae
867 1728 929 1777 belli
941 1729 1054 1778 saevitia
1064 1735 1142 1790 esset,

91 1807 181 1864 patres
198 1804 351 1867 conscripti,
372 1805 417 1866 qui
435 1818 509 1867 reges
526 1809 607 1866 atque
633 1816 700 1863 quae
723 1803 800 1852 victis
822 1804 982 1866 acciderent,
1006 1818 1145 1855 enumera-

90 1880 182 1942 populi
193 1881 232 1929 ira
245 1887 292 1931 aut
303 1881 485 1931 misericordia
498 1881 606 1943 impulsi
633 1892 706 1928 vere:
724 1881 781 1942 rapi
794 1880 911 1943 virgines
928 1895 1033 1943 pueros,
1053 1882 1142 1931 divelli

90 1956 159 2007 male
171 1958 370 2008 consuluerint:
388 1959 432 2008 sed
443 1972 475 2007 ea
486 1958 557 2007 malo
569 1959 608 2007 di·
633 1956 729 2005 liberos
741 1972 756 2006 a
768 1963 909 2020 parentum
925 1958 1075 2021 complexu,
1089 1973 1145 2008 ma-

91 2047 157 2096 cere,
176 2049 245 2097 quae
268 2036 382 2086 maiores
405 2036 489 2086 nostri
513 2043 607 2086 contra
633 2038 685 2083 tres
703 2034 867 2082 familiarum
884 2035 941 2096 pati
959 2048 1026 2096 quae
1039 2036 1145 2085 victori·

90 2109 239 2161 lubidinem
257 2113 341 2161 animi
365 2114 406 2162 sui
430 2119 501 2162 recte
525 2119 606 2176 atque
632 2113 681 2160 bus
698 2113 907 2173 conlubuissent,
921 2113 985 2161 fana
1002 2121 1082 2175 atque
1099 2114 1145 2164 do-

61 2187 290 2238 bordinefecere.
327 2189 402 2238 Bello
421 2190 604 2252 Macedonico,
632 2203 690 2237 mos
723 2190 839 2251 spoliari,
870 2190 987 2249 caedem,
1021 2191 1144 2240 incendia

91 2267 162 2327 quod
185 2281 247 2316 cum
269 2282 330 2330 rege
358 2268 437 2318 Perse
465 2270 603 2330 gessimus,
633 2265 696 2324 fleri,
710 2271 846 2327 postremo
860 2267 942 2315 armis
959 2266 1142 2330 cadaveribus,

91 2342 259 2393 Rhodiorum
281 2345 376 2393 civitas
399 2359 496 2408 magna
524 2350 605 2407 atque
632 2355 724 2390 cruore
733 2347 814 2404 atque
823 2341 897 2391 luctu
906 2343 1140 2405 omniacompleri.

91 2420 241 2482 magnifica,
271 2435 340 2482 quae
368 2421 458 2483 populi
489 2421 604 2470 Romani
631 2417 692 2477 Sed,
706 2432 753 2479 per
764 2418 827 2466 deos
845 2417 1013 2479 immortalis,
1027 2434 1080 2481 quo
1099 2420 1144 2469 illa
1153 2427 1182 2471 10

90 2496 186 2557 opibus
203 2502 330 2552 creverat,
348 2497 431 2545 infida
448 2502 474 2545 et
492 2497 605 2546 advorsa
631 2498 716 2545 oratio
733 2496 886 2558 pertinuit?
920 2497 965 2545 An
983 2497 1022 2545 uti
1040 2511 1087 2546 vos
1104 2499 1145 2546 in-

90 2572 168 2622 nobis
191 2573 256 2634 luit3
285 2573 331 2621 sed
359 2579 501 2634 postquam
535 2574 604 2625 bello
631 2574 715 2622 festos
732 2573 912 2622 coniurationi
930 2573 1053 2622 laceret?
1075 2574 1145 2624 scili-

90 2649 214 2699 confecto
242 2649 274 2698 de
302 2649 415 2699 Rhodiis
446 2651 601 2700 consultum
630 2655 672 2698 cet
689 2664 767 2712 quem
786 2663 826 2698 res
843 2654 920 2698 tanta
937 2654 964 2698 et
987 2654 1043 2698 tam
1065 2656 1144 2700 atrox

90 2732 139 2783 est,
153 2727 266 2775 maiores
279 2727 373 2788 nostri,
387 2740 421 2775 ne
439 2728 498 2789 quis
515 2727 604 2776 diviti·
631 2740 684 2775 non
704 2726 845 2788 permovit,
862 2740 923 2774 eum
943 2727 1029 2775 oratio
1051 2741 1144 2777 accen·

90 2816 166 2852 arum
184 2805 269 2866 magis
286 2817 366 2865 quam
387 2804 502 2853 iniuriae
525 2817 604 2852 causa
630 2803 682 2851 det.
719 2802 781 2852 Non
797 2803 835 2851 ita
851 2806 900 2862 est,
914 2816 1001 2865 neque
1018 2805 1142 2866 cuiquam
1153 2811 1180 2856 11

90 2878 188 2929 bellum
207 2881 346 2942 inceptum
365 2880 473 2941 diceret,
487 2881 604 2942 impuni-
630 2878 785 2929 mortalium
797 2878 910 2928 iniuriae
922 2892 986 2928 suae
999 2893 1097 2941 parvae
1106 2882 1144 2931 vi-

60 2961 75 3004 6
90 2961 132 3005 tos
143 2971 188 3007 eos
200 2958 332 3006 dimisere.
368 2957 439 3006 Item
456 2956 534 3006 bellis
552 2958 604 3007 Pu·
630 2955 740 3018 dentur3
763 2955 842 3005 multi
865 2969 911 3005 eas
933 2957 1040 3017 gravius
1057 2971 1143 3020 aequo

89 3033 156 3082 nicis
168 3035 303 3095 omuibus,
317 3048 379 3083 curn
395 3048 475 3097 saepe
492 3033 604 3083 Cartha·
629 3033 754 3082 habuere.
784 3032 836 3082 Sed
846 3031 965 3082 aliaaliis
975 3032 1083 3082 licentia
1092 3039 1140 3093 est,
1152 3043 1180 3087 12

89 3109 223 3170 ginienses
232 3115 259 3159 et
271 3111 299 3159 in
313 3124 378 3172 pace
390 3116 417 3159 et
428 3124 476 3173 per
485 3110 603 3159 indutias
629 3113 718 3172 patres
730 3110 883 3172 conscripti.
918 3108 971 3169 Qui
986 3110 1096 3161 demissi
1114 3112 1142 3160 in

89 3186 175 3236 multa
195 3188 299 3236 nefaria
321 3188 442 3238 facinora
465 3188 601 3250 fecissent,
629 3187 742 3236 obscuro
769 3187 860 3249 vitam,
882 3187 992 3248 liabent,
1022 3188 1044 3236 si
1077 3188 1141 3250 quid

89 3276 236 3326 numquam
246 3265 295 3327 ipsi
306 3278 353 3327 per
362 3265 529 3313 occasionem
538 3264 603 3313 talia
630 3263 768 3312 iracundia
785 3263 929 3326 deliquere,
943 3265 1021 3326 pauci
1040 3265 1142 3327 sciunt3

89 3339 187 3390 fecere:
197 3341 283 3404 magis
291 3341 354 3403 quid
365 3340 512 3404 sediguum
523 3341 600 3403 foret,
629 3341 702 3389 lama
719 3345 800 3402 atque
816 3340 927 3390 fortuna
949 3354 1041 3390 eorum
1064 3356 1141 3403 pares

89 3431 168 3478 quam
182 3417 245 3478 quid
259 3417 287 3465 in
304 3416 363 3466 illos
374 3417 433 3479 jure
446 3417 503 3466 fieri
512 3423 603 3479 posset
629 3424 705 3466 sunt:
725 3417 770 3479 qui
783 3431 882 3481 magno
894 3418 1006 3480 imperio
1026 3419 1140 3481 praediti

61 3492 263 3556 qquaerebant.
629 3494 657 3542 ln
675 3493 779 3543 excelso
799 3499 916 3543 aetatem
936 3499 1029 3557 agunt,
1049 3508 1140 3544 eorum

121 3569 181 3619 Hoc
189 3570 254 3619 item
263 3569 338 3619 vobis
346 3569 543 3632 providendum
551 3576 599 3633 est,
628 3570 701 3620 iacta
713 3571 802 3619 cuncti
814 3570 940 3619 mortales
956 3585 1062 3620 novere.
1099 3572 1178 3620 Ita1³

89 3650 178 3708 patres
187 3647 341 3708 conscripti,
352 3660 387 3695 ne
397 3645 458 3708 plus
470 3647 542 3710 apud
555 3662 601 3698 vos
629 3647 656 3695 in
669 3661 795 3695 maxuma
804 3646 914 3695 fortuna
926 3647 1049 3696 minuma
1061 3647 1141 3697 licen·

89 3722 178 3772 valeat
189 3723 219 3771 P.
232 3722 340 3772 Lentuli
347 3729 375 3772 et
386 3728 535 3774 ceterorum
547 3739 602 3775 sce·
628 3724 666 3772 tia
673 3728 726 3782 est3
738 3736 824 3785 neque
833 3722 940 3771 studere
948 3724 1138 3786 nequeodisse‚

89 3797 131 3849 lue
143 3812 227 3865 quam
238 3803 328 3850 vostra
339 3799 466 3864 dignitas,
480 3814 535 3852 neu
546 3815 602 3852 ma·
627 3800 673 3851 sed
681 3799 800 3849 minume
806 3797 885 3849 irasci
893 3797 981 3849 decet:
992 3799 1179 3867 quaeapud14
