2678 4260
359 269 360 272 π
426 247 508 298 car.
534 246 620 310 17-19,
645 250 659 311 s
681 249 769 300 acas.
1106 237 1170 305 465

68 419 263 484 labefactari
293 441 313 483 a
337 419 557 504 praetoribus,
581 419 743 484 infirmari
774 441 794 485 a
824 429 943 486 senatu
973 429 1119 508 atquea

68 523 275 608 principibus
299 524 448 588 civitatis
474 524 650 609 putabant,
676 523 851 588 tribunum
875 527 1070 610 popularem
1101 549 1120 592 a
1143 543 1172 590 10

68 649 104 692 se
120 627 263 692 alienare
280 627 439 692 nolebant
461 649 590 712 suaque
616 628 680 693 sibi
696 628 850 713 propiora
872 650 943 694 esse
969 631 1118 715 pericula

70 753 172 815 quam
188 753 261 795 mea
276 731 512 816 loquebantur.
559 729 626 797 Sed
642 739 754 796 tamen
778 739 814 797 et
837 731 978 797 Crassus
1001 755 1022 797 a
1044 755 1120 798 con·
1130 736 1169 798 41

68 835 198 900 sulibus
231 856 336 900 meam
367 857 502 900 oausam
532 836 779 921 suscipiendam
809 858 881 901 esse
912 828 1052 915 dicebat,
1083 846 1118 904 et

69 961 184 1004 eorum
201 939 301 1004 fidem
323 940 503 1024 Pompeius
528 940 728 1024 implorabat
751 962 862 1025 neque
887 963 922 1006 se
948 943 1117 1027 privatum

68 1043 201 1128 publice
217 1050 391 1128 susceptae
404 1065 522 1108 causae
539 1043 736 1108 defuturum
752 1066 825 1109 esse
841 1044 993 1122 dicebat3
1017 1068 1119 1131 quem
1142 1061 1171 1109 15

69 1149 180 1212 virum
201 1147 391 1212 studiosum
416 1148 491 1224 mei,
516 1147 771 1232 cupidissimum
794 1150 842 1213 rei
866 1149 1020 1233 publicae
1043 1171 1118 1215 con·

68 1251 251 1317 servandae
268 1251 358 1316 domi
381 1273 472 1316 meae
497 1253 580 1316 certi
602 1252 754 1318 homines
769 1252 811 1317 ad
835 1273 908 1317 earn
932 1275 1001 1318 rem
1016 1255 1117 1338 positi

69 1362 282 1431 monuerunt,
299 1363 339 1420 ut
355 1362 442 1420 esset
458 1356 598 1433 cautior,
615 1357 754 1441 eiusque
771 1357 860 1421 vitae
876 1378 895 1420 a
911 1379 962 1422 me
978 1357 1117 1424 insidias

69 1458 160 1544 apud
184 1481 235 1523 me
260 1457 350 1522 domi
373 1460 498 1543 positas
522 1481 593 1524 esse
617 1459 788 1534 dixerunt,
812 1468 913 1545 atque
941 1461 1026 1525 banc
1043 1463 1114 1527 eius

68 1563 293 1647 suspicionem
308 1563 365 1626 alii
381 1563 503 1628 litteris
520 1563 702 1640 mittendis,
717 1565 773 1627 alii
790 1565 928 1640 nuntiis
939 1565 997 1629 alii
1009 1586 1118 1630 coram
1141 1582 1171 1628 ao

69 1669 134 1752 ipsi
149 1668 393 1743 excitaverunt,
410 1674 450 1731 ut
464 1656 533 1744 ille,
550 1689 627 1732 cum
642 1689 724 1732 ame
746 1675 835 1732 certe
860 1669 944 1731 nihil
970 1669 1114 1747 timeret,

69 1771 204 1848 abillis,
221 1792 262 1834 ne
279 1770 362 1855 quid
379 1792 452 1835 meo
468 1772 602 1836 nomine
618 1772 825 1849 molirentur,
841 1772 904 1837 sibi
930 1773 1117 1839 cavendum
1177 1763 1179 1767 ’

69 1883 212 1960 putaret.
260 1875 337 1958 Ipse
364 1882 478 1939 autem
506 1874 638 1951 Caesar,
667 1897 767 1960 quem
795 1868 938 1941 ma'xime
968 1875 1118 1942 homiues

68 1980 178 2065 ignari
189 1979 340 2044 veritatis
354 1979 435 2041 mihi
448 2000 518 2043 esse
535 1979 657 2043 iratum
670 1979 844 2064 putabant,
858 1987 930 2044 erat
940 1979 981 2043 ad
992 1988 1115 2064 portas,

69 2091 141 2148 erat
156 2105 231 2148 cum
257 2083 414 2166 imperi03
438 2084 569 2147 eratin
592 2084 691 2147 Italia
714 2084 786 2148 eius
811 2085 988 2160 exercitus,
1012 2084 1116 2170 inque
1140 2103 1169 2148 as

69 2210 109 2252 eo
125 2188 277 2253 exercitu
293 2187 398 2272 ipsius
415 2187 542 2252 tribuni
557 2187 603 2272 pl.
627 2187 754 2252 inimici
777 2188 843 2253 mei
867 2187 1004 2253 fratrem
1026 2211 1117 2274 prae·

68 2292 204 2357 fecerat.

113 2413 192 2458 xix.
225 2396 319 2461 Haec
351 2417 430 2482 ergo
460 2417 538 2460 cum
564 2394 714 2460 viderem
740 2398 870 2480 (neque
901 2396 990 2460 enim
1018 2399 1169 2464 erant42
1198 2463 1199 2466 ,

69 2501 232 2583 occulta),
249 2508 416 2576 senatum,
444 2500 516 2565 sine
541 2520 609 2584 quo
634 2500 756 2566 civitas
780 2506 870 2567 stare
895 2521 964 2564 non
990 2508 1113 2584 posset,

101 2725 183 2819 9912.
205 2769 368 2818 infirmari:
388 2783 405 2819 a
422 2769 489 2819 mild
508 2769 581 2818 word
604 2767 649 2817 19.
662 2770 685 2818 6.
722 2769 816 2819 Cicero
828 2769 972 2819 elsewhere
984 2784 1045 2832 says
1056 2771 1117 2819 that

69 2846 116 2908 (cf.
131 2847 193 2908 539.
208 2846 262 2907 26),
273 2847 372 2896 chosen
384 2845 528 2909 purposely
540 2846 583 2894 for
604 2846 646 2894 bis
658 2846 776 2895 enemies
791 2846 949 2895 introduced
968 2847 1039 2908 spics
1059 2847 1118 2896 into

67 2925 197 2973 rescindi.
232 2923 424 2985 popularem,
451 2921 581 2972 ‘induem
604 2923 647 2972 bis
658 2923 751 2972 house.
780 2921 864 2984 apud
875 2922 1118 2984 medomi:pleo-

67 3000 116 3049 tial
137 3001 204 3049 with
227 3001 273 3049 the
295 2999 455 3050 commons.’
499 3012 581 3048 mea:
603 3013 690 3062 nasm,
703 3014 734 3049 so
746 3012 837 3049 coram
850 3001 912 3061 ipsi,
926 2999 943 3048 l.
957 3000 996 3049 20.

68 3077 152 3125 case?
186 3076 227 3125 cf.
248 3076 298 3138 Ep.
320 3076 342 3125 Ι.
364 3075 389 3123 3.
410 3077 441 3126 26
463 3077 518 3125 and
539 3075 578 3127 27.
635 3075 737 3124 22-26.
755 3075 795 3125 ab
803 3074 1116 3132 illis...oavendum,

68 3166 87 3200 a
99 3152 297 3201 consulibus:
314 3166 357 3202 see
369 3167 405 3201 on
417 3153 484 3203 Sull.
497 3152 543 3200 23.
555 3155 578 3202 2.
605 3151 694 3202 ‘must
705 3153 738 3202 be
750 3167 785 3202 on
795 3151 880 3215 guard
896 3151 1001 3214 against
1019 3151 1113 3200 them)

101 3229 172 3290 §lt
198 3229 299 3277 14-19.
316 3229 473 3290 privatum
504 3229 580 3291 pub·
603 3232 669 3277 arat
682 3240 753 3277 oum
765 3227 903 3289 imperio,
916 3228 962 3276 the
981 3227 1115 3277 technical

67 3305 143 3354 lice:
160 3305 204 3354 ior
222 3305 340 3367 position
358 3319 403 3355 see
420 3320 456 3354 on
475 3306 523 3367 §2-
538 3308 580 3367 203
598 3304 757 3366 'expression
772 3303 816 3351 ior
832 3303 879 3351 the
894 3302 1049 3363 proconsul:
1071 3317 1116 3352 see

67 3382 112 3431 ior
126 3383 268 3442 privatum
287 3382 322 3430 ci.
344 3382 357 3443 5
376 3382 415 3430 40.
432 3382 476 3443 31;
494 3383 515 3449 it
531 3383 580 3431 has
603 3395 628 3442 p.
653 3379 724 3439 68,§
748 3377 787 3429 73.
816 3378 924 3438 inque:
956 3377 1049 3426 Cicero
1076 3383 1116 3427 at-

66 3458 133 3507 here
154 3472 171 3507 a
193 3458 346 3507 concessive
369 3457 450 3506 force.
496 3458 580 3518 oupi-
602 3456 695 3505 taches
717 3468 780 3516 -que
802 3459 831 3504 to
853 3455 901 3503 tbe
924 3453 1115 3515 monosyllabic

67 3533 233 3581 (nselmum
244 3568 250 3579 .
262 3568 268 3579 .
280 3567 286 3579 .
296 3531 538 3588 conservandae,
549 3530 581 3580 ‘a
603 3544 701 3592 propa,
723 3531 760 3589 in,
777 3529 818 3590 de,
841 3542 880 3588 ec,
891 3541 953 3589 pro,
969 3541 1029 3588 per,
1044 3542 1112 3578 cum.

67 3616 140 3659 rnost
161 3608 269 3658 zealous
295 3607 508 3658 conservative:’
538 3621 581 3656 see
602 3606 736 3663 fratrem,
756 3604 787 3654 C.
807 3604 945 3666 Claudius,
960 3604 1036 3653 older
1046 3605 1114 3652 than

66 3700 104 3734 on
128 3687 141 3746 ς
164 3687 187 3734 5.
212 3687 252 3733 22.
288 3685 374 3733 domi
400 3695 501 3732 meac:
523 3683 581 3744 join
603 3682 724 3732 Publius.
759 3680 1025 3745 praefecerat,
1046 3679 1114 3729 ‘had

67 3761 136 3816 with
152 3762 257 3824 posita·
279 3759 323 3809 for
341 3773 416 3812 cases
438 3772 482 3810 sce
497 3773 533 3808 on
556 3759 578 3810 Ι.
592 3758 681 3822 ¹made
693 3764 728 3807 an
741 3755 849 3816 officer,’
