2678 4260
170 217 234 287 418
517 231 724 285 nrrsrorau
746 231 944 284 sunnonis.

224 428 333 492 neque
352 405 430 470 Piso
443 406 575 471 veniret
590 427 651 470 nec
669 405 801 481 milites
819 404 880 469 sed
900 404 1009 470 adhuc
1034 405 1193 472 Plancius
1218 429 1271 474 me

223 512 362 576 retinet:
379 517 494 595 sperat
505 531 601 594 posse
614 509 694 584 fieri,
707 516 745 573 ut
761 531 892 574 mecum
908 511 942 572 in
960 510 1092 574 Italiam
1109 509 1270 588 decedat3

111 674 116 682 .
169 629 199 675 ³0
221 636 321 699 quem
338 636 400 701 ego
416 613 504 679 diem
528 614 557 678 si
573 613 688 678 videro
713 613 797 678 etsi
820 613 855 676 in
880 622 1029 678 vestrum
1055 615 1269 700 complexum

222 741 345 784 venero
361 740 398 783 ac
414 719 442 782 si
459 726 495 782 et
510 740 569 783 vos
586 726 621 782 et
644 740 696 782 me
717 718 829 802 ipsum
853 739 1059 802 recuperem,
1076 719 1158 784 satis
1181 741 1271 806 mag·

222 845 301 887 num
319 823 401 886 mihi
417 821 568 886 fructum
583 821 722 886 videbor
736 822 923 906 percepisse
940 828 975 886 et
986 829 1117 887 vestrae
1133 823 1269 907 pietatis

179 928 199 989 4
222 935 256 991 et
271 949 373 991 meae.
420 926 553 991 Pisonis
569 926 769 1002 humanitas
783 926 901 1001 virtus,
915 947 1007 990 amor
1023 927 1058 989 in
1074 948 1189 992 omnes
1206 948 1267 991 nos

222 1037 336 1094 tantus
353 1037 415 1106 est,
433 1036 472 1094 ut
487 1029 572 1092 nihil
595 1050 696 1112 supra
719 1030 845 1112 possit:
872 1029 1000 1093 utinam
1024 1051 1137 1095 cares
1160 1031 1191 1096 ei
1215 1053 1271 1095 vo·

168 1149 196 1194 35
219 1134 343 1218 luptati
370 1132 432 1197 siti
457 1133 582 1219 gloriae
607 1130 743 1216 quidem
768 1131 865 1197 video
898 1131 979 1197 fore.
1026 1133 1077 1198 De
1102 1133 1144 1213 Q.
1165 1133 1269 1200 fratre

220 1239 304 1301 nihil
320 1260 382 1324 ego
398 1245 431 1302 te
447 1237 612 1313 accusavi,
629 1235 690 1301 sed
701 1258 770 1312 voa,
784 1258 861 1301 curn
876 1239 1070 1322 praesertim
1084 1245 1152 1303 tam
1169 1239 1269 1324 pauci

179 1344 304 1418 osius,
333 1342 425 1406 volui
457 1362 527 1406 esse
559 1362 660 1425 quarn
691 1340 993 1406 coniunctissimos.
1052 1340 1184 1421 Quibus
1216 1363 1268 1408 me

220 1447 359 1512 voluisti
384 1467 481 1532 agere
505 1445 640 1531 gratias,
658 1444 712 1530 egi
736 1452 770 1508 et
794 1466 846 1509 rne
862 1466 881 1508 a
898 1452 931 1509 te
948 1446 1122 1510 certiorem
1138 1444 1265 1510 factum

219 1573 290 1616 esse
321 1550 447 1634 scripsi.
502 1547 603 1627 Quod
633 1546 675 1612 ad
702 1570 765 1624 me,
794 1569 866 1615 mea
894 1549 1061 1626 Terentia,
1089 1548 1205 1614 scribis
1234 1535 1291 1615 te

166 1670 196 1716 40
219 1656 332 1719 vicum
349 1652 570 1728 vendituram‚
588 1651 680 1737 quid,
699 1651 835 1716 obsecro
852 1659 884 1717 te
897 1691 941 1700 -
953 1675 1004 1717 me
1024 1652 1199 1718 miserum!
1213 1693 1266 1730 —,

220 1757 302 1844 quid
314 1757 468 1821 futurum
485 1756 561 1821 est?
577 1763 620 1831 et,
631 1757 659 1819 si
673 1776 732 1819 nos
748 1763 877 1840 premet
893 1756 1007 1821 eadem
1024 1756 1171 1834 fortuna,
1183 1757 1267 1843 quid

219 1883 323 1948 puero
340 1861 461 1925 misero
478 1860 559 1925 fiet?
604 1860 681 1929 Non
698 1882 785 1944 queo
809 1861 938 1945 reliqua
961 1860 1158 1926 scribere-
1171 1869 1266 1928 tanta

219 1968 269 2031 vis
285 1966 496 2030 lacrimarum
512 1971 564 2029 est
576 2003 637 2039 -‚
651 1985 761 2047 neque
779 1971 811 2027 te
824 1965 859 2027 in
876 1963 1017 2029 eunden]
1031 1963 1146 2029 fletum
1163 1965 1266 2031 addu-

218 2092 312 2144 cam3
337 2077 469 2133 tantum
486 2069 612 2133 scribo:
637 2069 665 2132 si
685 2075 784 2132 erunt
806 2068 841 2130 in
866 2067 973 2132 officio
997 2069 1104 2144 amici,
1121 2071 1266 2154 pecunia

164 2189 194 2237 45
216 2196 284 2239 non
311 2173 418 2238 deerit
427 2197 436 2249 ;
460 2174 488 2238 si
505 2195 571 2236 non
599 2181 708 2247 erunt,
727 2179 764 2235 tu
789 2170 917 2237 efficere
946 2180 1005 2236 tua
1032 2175 1174 2258 pecunia
1197 2197 1265 2240 non

217 2279 350 2365 poteris.
397 2276 463 2342 Per
478 2276 630 2340 fortunas
648 2276 783 2340 miseras
800 2284 939 2352 nostras,
957 2277 1045 2354 vide,
1063 2300 1104 2343 ne
1120 2300 1263 2362 puerum

217 2381 386 2468 perditum
401 2380 579 2465 perdamus
586 2404 595 2456 3
620 2380 674 2445 cui
690 2379 718 2444 si
734 2379 864 2465 aliquid
887 2382 959 2458 erit,
977 2403 1019 2446 ne
1036 2390 1143 2468 egeat,
1162 2383 1264 2449 medi·

217 2486 286 2551 ocri
301 2486 429 2550 virtute
446 2507 530 2571 opus
546 2491 598 2550 est
614 2491 648 2549 et
664 2484 821 2549 mediocri
837 2485 982 2562 fortuna,
1000 2493 1040 2550 ut
1055 2494 1167 2552 cetera
1188 2510 1263 2552 con·

245 2690 345 2740 20-32.
367 2691 448 2748 Piso.
471 2692 518 2741 the
545 2691 638 2742 consul
665 2691 726 2742 who
781 2692 829 2753 §b
843 2691 944 2742 3842.
961 2693 1092 2743 voluisti
1103 2706 1206 2756 agero:
1219 2709 1262 2746 see

213 2768 267 2817 had
293 2767 420 2817 obtained
443 2769 603 2818 Macedonia
626 2783 655 2818 as
682 2768 726 2817 his
748 2782 783 2817 on
801 2768 850 2830 Ep.
869 2769 933 2818 XX.
947 2769 973 2817 4.
988 2769 1026 2819 36.
1063 2770 1190 2820 Terentia
1208 2772 1260 2822 had

214 2845 341 2907 province
354 2845 381 2892 in
394 2848 486 2893 return
498 2845 542 2894 for
558 2845 602 2893 aid
620 2845 726 2907 against
747 2849 808 2894 sent
819 2844 876 2893 him
889 2847 936 2895 the
954 2860 1047 2896 names
1064 2847 1093 2896 of
1110 2848 1188 2897 those
1200 2849 1261 2898 who

214 2920 725 2983 cicer0:seeonup.vss.1.10.fruc·
748 2920 801 2969 had
822 2921 898 2970 aided
921 2922 976 2970 her.
1012 2922 1178 2971 certiorem
1197 2922 1261 2972 iao·

213 2998 524 3059 tum...percepisee:
542 2999 576 3049 ci.
590 2999 656 3049 Suii.
666 2999 692 3047 1.
700 2999 723 3049 3.
747 2999 827 3046 tum:
840 2998 1129 3060 sedecorcmofflctia.
1155 3012 1260 3061 puero,

245 3074 293 3135 54.
313 3072 414 3123 33-36.
447 3074 578 3132 Pisonis,
596 3075 642 3124 the
664 3074 727 3124 hus-
748 3072 794 3121 the
817 3086 907 3136 young
930 3074 1050 3122 Marcus:
1073 3073 1116 3122 for
1135 3087 1195 3124 case
1217 3089 1261 3126 see

213 3149 283 3199 band
301 3150 330 3199 oi
346 3150 445 3210 Tuiiia,
464 3165 480 3199 a
498 3151 608 3201 relative
628 3152 657 3200 of
679 3152 726 3200 tire
748 3162 782 3197 on
792 3149 841 3211 Ep.
853 3149 932 3200 XIV.
943 3148 969 3197 3.
978 3149 1017 3202 27.

213 3224 306 3275 consui
333 3226 390 3288 just
418 3227 582 3276 mentioned.
618 3226 664 3275 De
690 3226 724 3285 Q.
779 3224 1260 3287 46-48.puerum,etctnoticealiit·

211 3299 320 3349 fratre:
338 3301 372 3350 cf.
392 3301 441 3362 §3.
460 3302 499 3351 23.
535 3302 623 3352 There
640 3316 726 3352 seems
747 3302 859 3352 eration.
879 3302 973 3359 ouini,
984 3302 1074 3354 ‘lorii
1085 3306 1260 3357 heirassome

212 3379 241 3424 to
264 3375 333 3424 have
356 3376 423 3425 been
452 3391 467 3425 a
493 3377 587 3440 family
609 3376 722 3440 quarrel‚
749 3377 874 3440 (means),
888 3392 960 3428 scas
977 3386 1025 3430 not
1045 3381 1117 3431 tobe
1135 3381 1162 3429 in
1177 3390 1258 3444 want,

212 3451 266 3500 and
281 3451 408 3501 Terentia
420 3454 538 3517 thought
555 3455 614 3503 that
632 3453 725 3503 Cicero
747 3455 781 3503 he
803 3454 857 3504 will
881 3456 985 3517 require
1009 3456 1096 3520 (only)
1121 3458 1260 3509 moderate

211 3527 317 3577 blamed
329 3528 385 3578 her.
420 3541 487 3586 voe,
499 3530 534 3579 aii
547 3531 589 3580 his
601 3530 725 3580 relatives
747 3544 846 3593 energy·
857 3531 909 3579 anri
919 3532 1056 3581 moderate
1068 3533 1136 3594 good
1148 3533 1259 3584 fortune

212 3602 240 3652 in
257 3602 350 3654 Rome.
386 3615 458 3653 cum
474 3605 671 3667 praesertim:
688 3607 722 3655 cf.
747 3610 775 3655 to
792 3607 899 3668 acquire
917 3608 952 3656 aii
973 3608 1051 3658 eise.'
1091 3609 1144 3657 For
1166 3609 1260 3674 ellipse

211 3678 265 3728 111.
284 3679 330 3729 28.
347 3679 417 3742 24‚a
434 3679 485 3731 iess
503 3695 628 3733 common
648 3681 726 3733 order
747 3683 777 3730 oi
802 3682 895 3745 ‘only’
925 3684 1016 3735 before
1040 3685 1193 3735 mediocri
1221 3685 1257 3736 ci.

210 3753 278 3804 than
287 3756 450 3817 praesertim
463 3770 531 3807 eum.
620 3818 629 3823 „
744 3770 847 3819 pauca,
858 3758 907 3821 Ep.
917 3758 970 3814 ΙΙΙ.
982 3759 1008 3813 8.
1020 3760 1078 3823 12ος
1091 3759 1171 3810 XIX.
1182 3759 1257 3811 1.1a
