2678 4260
161 251 224 317 288
501 263 572 312 rao
596 264 625 312 r.
648 263 768 314 sunna
792 263 940 314 carrio.

162 452 192 498 40
213 438 275 512 sui,
305 457 372 499 non
404 443 532 499 veteres
563 435 670 510 amici,
700 456 843 520 quorum
874 436 930 499 ille
962 437 1057 520 copia
1089 437 1260 521 quondam

213 539 409 620 abundarat,
426 560 492 602 non
509 538 544 601 hi
560 560 684 614 omnes,
703 541 860 623 quisunt
880 541 915 601 in
933 561 966 603 re
984 539 1118 624 publica
1141 543 1260 626 princi-

136 710 143 727 ,
214 665 283 730 pes,
320 642 531 707 defuerunt?
592 643 698 706 Immo
736 644 837 707 ctiam
876 644 1067 722 testimonio
1106 646 1258 731 plerique

214 750 393 813 laeserunt.
440 746 636 811 Statuerant
667 754 800 810 tantum
831 747 917 810 illud
948 769 1019 830 csse
1048 749 1258 826 maleficium,
1290 816 1298 832 ,

215 852 306 939 quod
322 873 389 915 non
406 851 504 915 modo
520 872 587 914 non
604 852 765 916 occultari
788 874 847 936 per
870 875 914 929 se,
932 853 992 917 sed
1016 854 1116 918 etiam
1140 856 1261 938 aperiri

161 973 190 1018 45
213 957 441 1040 illustrarique
473 954 618 1020 deberet.
675 973 726 1018 111.
760 956 871 1035 Quam
903 957 945 1021 ob
975 980 1044 1022 rem
1076 957 1161 1042 quid
1197 967 1258 1035 est,

205 1060 296 1146 quod
312 1060 440 1135 mirere,
452 1059 481 1123 si
497 1081 574 1123 cum
589 1059 695 1124 isdem
711 1082 763 1124 me
779 1061 814 1123 in
831 1061 891 1125 hac
908 1083 1007 1126 causa
1023 1062 1116 1127 vides
1133 1062 1259 1139 adesse,

214 1186 291 1230 curn
314 1163 437 1248 quibus
468 1164 503 1226 in
532 1165 649 1228 ceteris
678 1165 846 1251 intellegis
875 1165 1027 1231 afuisse?
1080 1166 1154 1230 Nisi
1180 1189 1260 1231 vero

214 1290 265 1332 me
291 1289 397 1331 unum
419 1268 470 1332 vis
495 1265 604 1331 ferum
629 1277 924 1353 praetcrceteros
949 1293 1000 1335 me
1024 1291 1190 1355 asperum,
1207 1294 1259 1337 me

175 1371 434 1435 tinhumanum
473 1373 667 1449 existimari,
700 1395 751 1437 me
790 1374 953 1459 singulari
993 1375 1189 1440 inmanitate
1225 1383 1262 1440 et

182 1475 412 1542 8crudelitate
429 1475 626 1564 praeditum.
675 1476 772 1540 Hauc
790 1477 872 1552 mihi
896 1485 934 1540 tu
958 1478 987 1540 si
1010 1486 1146 1562 propter
1169 1500 1259 1543 meas

214 1601 265 1644 res
289 1588 400 1665 gestas
428 1581 571 1664 imponis
594 1582 627 1643 in
655 1581 746 1644 omni
773 1581 843 1644 vita
873 1603 955 1657 mea,
979 1581 1162 1665 Torquate,
1190 1605 1261 1668 per·

214 1705 338 1760 sonam,
370 1683 585 1748 vehementer
615 1707 714 1748 erras.
761 1685 817 1748 Mc
850 1693 969 1748 natura
1001 1686 1258 1762 misericordem,

214 1789 321 1872 patria
347 1810 512 1872 severum,
537 1788 704 1853 crudelem
732 1810 792 1852 nec
820 1790 927 1872 patria
955 1811 1016 1854 nec
1044 1797 1163 1854 natura
1187 1812 1258 1855 esse

163 1909 191 1953 10
213 1892 340 1967 voluit3
379 1891 524 1977 denique
556 1894 655 1956 istam
685 1894 790 1977 ipsam
822 1915 996 1976 personam
1026 1893 1259 1959 vehementem

215 2006 249 2062 et
271 2020 391 2073 acrem,
416 2016 517 2083 quam
544 1998 625 2060 mihi
649 2006 722 2062 tum
746 2005 878 2081 tempus
902 2005 936 2062 ct
965 2020 1016 2062 res
1048 1998 1183 2081 publica
1212 2001 1259 2062 in-

213 2103 335 2186 posuit,
352 2104 417 2165 iam
434 2103 591 2167 voluntas
608 2108 642 2165 et
657 2109 778 2164 natura
794 2101 864 2184 ipsa
881 2100 1037 2165 detraxit.
1085 2101 1149 2165 Illa
1169 2089 1259 2166 enim

213 2206 256 2270 ad
275 2207 374 2272 breve
398 2215 530 2290 tempus
554 2207 769 2270 severitatem
793 2205 988 2288 postulavit,
1005 2205 1091 2270 haec·
1109 2206 1144 2268 in
1168 2207 1258 2269 omni

211 2424 342 2472 members
364 2423 393 2472 oi
415 2422 462 2472 the
485 2415 558 2471 same
577 2420 720 2479 sodalitas,
745 2417 862 2475 mucre,
891 2418 960 2480 subj.
991 2419 1019 2466 oi
1046 2418 1254 2468 characteristic.

212 2498 361 2559 collectum,
377 2500 461 2548 words
474 2498 562 2546 which
578 2503 678 2545 cannot
690 2497 722 2544 be
744 2494 773 2542 si
789 2530 794 2542 .
812 2530 817 2542 .
835 2530 840 2541 .
858 2494 955 2543 vides.
990 2493 1024 2542 A.
1036 2494 1107 2543 333b
1119 2495 1209 2558 Rem.;
1222 2495 1252 2544 G.

211 2576 309 2640 always
332 2575 538 2638 distinguished.
575 2575 608 2622 ln
638 2573 722 2621 Rome
744 2571 791 2618 542
804 2570 878 2620 Rem.
893 2571 927 2619 ad
940 2571 984 2621 iin.

211 2654 286 2702 there
299 2668 365 2703 were
384 2667 528 2702 numerous
545 2651 635 2700 orders
652 2650 722 2708 (reli-
777 2647 820 2708 58.
831 2647 893 2694 6-9.
910 2647 1000 2696 Hanc
1009 2648 1031 2696 is
1039 2648 1103 2696 here
1112 2647 1256 2709 unu'sually

210 2732 285 2792 glous
304 2732 476 2790 fraternitics,
496 2729 615 2793 political
635 2727 719 2788 clubs,
744 2724 786 2772 far
808 2724 878 2773 from
903 2725 938 2773 its
960 2724 1128 2773 substantive
1157 2723 1257 2786 (nerso-

210 2806 722 2870 trade·unionsorguildsiwlrosemem-
744 2800 832 2862 ncm):
855 2801 900 2862 ci,
920 2802 1052 2860 however,
1077 2815 1177 2862 muyau
1195 2838 1201 2851 .
1221 2838 1226 2850 .
1247 2837 1252 2849 .

210 2884 269 2933 bers
282 2899 349 2935 were
361 2885 452 2934 bound
467 2890 495 2934 to
510 2884 616 2934 mutual
633 2886 721 2932 assist-
743 2880 846 2939 uratia,
857 2878 878 2926 l.
892 2877 937 2924 11·
949 2879 1022 2939 8-10,
1032 2879 1122 2926 where
1129 2878 1176 2926 the
1184 2892 1255 2927 same

210 2961 336 3009 anceand
348 2967 473 3024 support:
485 2975 528 3010 see
540 2961 609 3008 Mur.
624 2959 669 3007 56.
679 2961 718 3008 26.
745 2956 858 3004 number
864 2955 893 3003 oi
903 2955 1158 3004 wordsintervenes.
1189 2967 1255 3015 per-

743 3045 859 3088 sonam,
872 3031 975 3093 strictly
987 3031 1034 3080 tha
1046 3031 1124 3080 mask
1136 3031 1201 3080 used
1221 3031 1255 3092 by

241 3111 354 3163 Neither
366 3114 412 3163 the
424 3114 539 3175 severity
549 3113 639 3162 which
647 3112 721 3162 Cice·
743 3115 830 3158 actor-s
850 3123 886 3158 on
906 3108 953 3157 the
972 3107 1081 3157 ancient
1098 3112 1180 3170 stage.
1216 3107 1255 3156 As

210 3203 240 3238 ro
250 3191 358 3240 shewed
371 3191 485 3241 towards
497 3190 615 3240 Catilina
632 3191 659 3238 in
677 3190 720 3238 his
742 3187 808 3234 each
829 3191 891 3248 type
912 3184 1014 3247 (young
1032 3198 1106 3244 man,
1120 3183 1163 3233 old
1181 3198 1253 3242 man,

210 3266 373 3329 consulship,
385 3281 435 3316 nor
443 3268 485 3316 his
498 3272 588 3315 recent
596 3266 720 3328 proceed-
742 3262 847 3323 soldier,
859 3262 984 3324 parasite,
996 3259 1060 3322 etc.)
1073 3260 1127 3308 had
1137 3260 1172 3309 its
1181 3274 1256 3322 sepa·

211 3340 269 3403 ings
297 3342 403 3404 against
431 3341 591 3401 Autronius,
621 3342 719 3403 justiiy
742 3344 798 3388 rate
810 3339 896 3400 mask,
908 3338 954 3387 the
964 3337 1036 3387 word
1049 3351 1124 3386 came
1136 3341 1164 3386 to
1176 3351 1254 3386 mcan

210 3415 370 3479 Torquatus’
396 3418 494 3480 charge
518 3417 547 3465 of
575 3418 718 3466 inconsist-
743 3414 914 3475 ‘characian’
944 3429 973 3464 as
1001 3414 1073 3464 here.
1119 3414 1153 3462 In
1186 3413 1254 3475 good

209 3505 282 3556 ency.
742 3492 824 3541 Latin
851 3491 873 3540 it
896 3505 978 3540 never
1000 3504 1094 3539 means
1119 3488 1251 3552 ‘person’

241 3569 267 3627 1,
280 3569 305 3616 2.-
322 3570 397 3631 quid
420 3573 476 3627 est,
496 3569 582 3631 quod
602 3570 718 3627 mirere,
741 3572 874 3616 natura.
891 3603 897 3615 .
914 3603 920 3615 .
937 3567 1045 3629 patria,
1084 3567 1186 3629 patria
1202 3603 1207 3614 .
1225 3601 1230 3613 .
1248 3600 1253 3612 .

208 3647 237 3694 si
252 3681 258 3694 .
276 3681 282 3694 .
299 3682 305 3694 .
322 3646 426 3695 vides:
456 3646 533 3709 ‘why
561 3648 583 3695 is
611 3647 632 3694 it
660 3647 719 3695 that
741 3649 864 3693 natura:
881 3645 1027 3706 chiasmus,
1043 3644 1088 3693 ior
1104 3644 1194 3693 which
1211 3656 1253 3693 sce

208 3737 262 3784 you
278 3737 323 3772 are
339 3724 474 3785 surprised
491 3728 520 3772 at
539 3724 638 3786 seeing,
657 3723 717 3772 etc'
742 3737 776 3771 on
791 3721 840 3772 IV.
855 3721 901 3769 1⁷.
913 3721 952 3772 27.

209 3799 301 3862 quod,
313 3800 371 3872 adv.
387 3799 560 3871 acc.,lit.‘as
572 3806 600 3852 to
609 3800 717 3852 which!
774 3799 819 3855 12,
840 3797 886 3848 13.
918 3797 983 3856 Illa.
1006 3796 1100 3847 haec:
1124 3798 1172 3848 the
1194 3811 1254 3871 pro
