2678 4260
127 237 129 242 ’
186 233 250 303 588
450 248 522 300 eno
544 249 575 301 r.
601 247 722 301 Ammo
745 248 890 301 nrronn
913 249 1062 302 canno.

239 424 369 488 hostem
393 423 613 487 interclusum
637 424 839 507 reliquisset,
857 423 942 486 nihil
966 423 1007 487 dc
1032 424 1104 489 eius
1128 425 1286 490 extremis

184 544 213 588 25
235 527 414 592 comitibus
453 529 624 613 cogitavit,
658 529 691 589 in
732 549 816 612 quos
848 528 1002 592 incensos
1033 529 1083 592 ira
1114 529 1284 614 vitamque

237 632 362 695 domini
379 631 588 716 desperantis
606 653 682 694 cunr
700 631 883 707 incidisset,
901 632 1009 696 haesit
1034 634 1069 694 in
1094 633 1135 697 iis
1159 635 1284 718 poenis,

237 757 320 820 quas
336 735 432 799 abeo
455 737 544 800 servi
570 735 684 799 fideles
710 757 770 819 pro
796 735 924 799 domini
942 737 1013 800 vita
1037 739 1283 822 expetiverunt.

183 845 223 906 57
239 839 310 904 Cur
339 840 445 926 igitur
482 861 539 903 eos
570 861 670 901 manu
702 840 815 902 misit?
861 840 1037 904 Metuebat
1074 844 1213 919 scilicet,
1244 864 1283 906 ne

238 944 453 1020 indicaretur,
478 966 519 1007 ne
544 943 699 1006 dolorem
715 943 861 1028 perferre
887 965 953 1007 non
982 954 1129 1029 possent,
1158 968 1200 1011 ne
1224 955 1285 1010 tor·

184 1064 213 1110 30
235 1050 356 1113 mentis
388 1055 589 1134 cogerentur
612 1048 759 1111 occisum
792 1069 863 1113 esse
895 1070 914 1112 a
944 1051 1050 1114 servis
1081 1049 1222 1116 Milonis
1251 1052 1283 1114 in

238 1154 351 1238 Appia
374 1154 428 1217 via
451 1152 489 1214 P.
519 1151 676 1215 Clodium
705 1152 866 1216 confiteri.
915 1153 1008 1231 Quid
1036 1176 1121 1237 opus
1148 1163 1202 1218 est
1224 1163 1284 1218 tor-

238 1257 334 1323 tore?
367 1256 450 1340 quid
482 1257 640 1340 quaeris?
673 1256 902 1321 occideritne?
950 1257 1091 1322 Occidit.
1142 1259 1220 1323 lure
1243 1280 1282 1322 an

235 1361 384 1425 iniuria?
442 1360 536 1422 Nihil
568 1360 611 1422 ad
644 1368 822 1435 tortore1n3
864 1361 944 1425 facti
976 1357 1065 1451 enirn
1096 1364 1130 1424 in
1171 1363 1282 1426 eculeo

237 1466 389 1549 quaestio
416 1464 582 1538 est,iu1·is
611 1464 645 1524 in
679 1463 812 1527 iudicio.
861 1483 954 1526 xxii.
983 1464 1083 1543 Quod
1115 1467 1222 1551 igitur
1251 1468 1282 1528 in

237 1591 337 1633 causa
353 1567 580 1652 quaerendum
598 1575 658 1640 est,
683 1568 717 1629 id
733 1589 872 1652 agamus
897 1569 970 1642 hic;
995 1569 1086 1653 quod
1111 1571 1282 1634 tormentis

236 1674 386 1737 invenire
404 1674 465 1746 vie,
483 1671 517 1734 id
534 1671 688 1735 fatemur.
742 1671 847 1734 Manu
865 1694 944 1737 vero
961 1695 1020 1736 cur
1044 1674 1182 1749 miserit,
1200 1675 1228 1738 si
1251 1673 1283 1736 id

197 1795 211 1838 4
233 1779 346 1862 potius
370 1777 512 1860 quaene,
530 1797 632 1858 quam
660 1797 719 1838 cur
742 1797 861 1860 parurn
881 1777 1000 1860 amplis
1022 1775 1175 1840 affecerit
1196 1799 1284 1862 prae·

182 1887 222 1949 58
239 1883 324 1958 nriis,
341 1882 448 1946 nescis
469 1881 595 1944 inimici
623 1880 750 1943 facturn
774 1881 1025 1964 reprehendere.
1073 1881 1175 1944 Dixit
1197 1884 1283 1945 enim

235 1987 288 2050 hic
313 1986 412 2060 idern,
429 1986 487 2069 qui
505 1985 616 2047 omnia
643 2006 772 2068 semper
796 1994 988 2049 constanter
1011 1994 1045 2049 et
1068 1984 1213 2063 fortiter,
1238 1986 1281 2049 M.

237 2091 330 2166 Cat0,
349 2099 382 2154 et
399 2089 487 2152 dixit
502 2091 536 2152 in
554 2088 749 2152 turbulenta
770 2090 935 2166 contione,
953 2111 1038 2172 quae
1056 2097 1170 2152 tamen
1187 2089 1282 2152 huius

236 2196 436 2260 auctoritate
454 2195 586 2278 placata
614 2200 674 2268 est,
692 2214 759 2255 non
784 2193 937 2257 libertate
963 2195 1082 2267 solum,
1099 2193 1162 2257 sed
1186 2195 1282 2258 etiam

236 2299 388 2363 omnibus
405 2299 560 2382 praemiis
578 2297 792 2382 dignissimos
818 2296 932 2372 fuisse,
950 2298 1009 2381 qui
1034 2297 1161 2360 domini
1186 2304 1284 2382 caput

183 2420 212 2465 10
234 2402 473 2468 defendissent.
524 2400 624 2479 Quod
643 2402 733 2464 enirn
749 2403 935 2484 praemium
952 2403 1033 2464 satis
1051 2423 1212 2486 magnum
1235 2409 1284 2465 est

236 2515 304 2570 tarn
327 2505 502 2580 benivolis
521 2512 588 2567 tam
612 2504 717 2578 bonis,
738 2512 805 2566 tarn
831 2504 984 2568 fidelibus
1008 2507 1125 2579 servis,
1150 2513 1284 2591 propter

230 2787 380 2848 prandium
399 2800 453 2834 vvas
477 2785 523 2833 the
541 2784 649 2846 midday
668 2783 746 2843 rneal,
805 2783 829 2831 3.
847 2785 945 2832 Manu
967 2797 1050 2842 vero,
1079 2790 1142 2847 ete,
1168 2784 1207 2836 ‘if
1234 2799 1284 2848 you

233 2862 261 2912 oi
283 2869 364 2924 meat,
384 2861 545 2925 vegetables,
571 2860 631 2919 fish,
658 2860 747 2920 bread,
772 2860 821 2908 ask
838 2861 902 2921 this,
921 2863 983 2922 why
1000 2862 1034 2909 he
1057 2868 1097 2910 set
1120 2862 1197 2911 them
1220 2864 1281 2924 free,

233 2939 481 3001 fruits,andwine.
772 2937 863 2985 rather
887 2938 954 2985 than
983 2938 1046 2998 this,
1071 2938 1133 3000 why
1155 2939 1191 2988 he
1220 2953 1283 3002 gave

266 3014 311 3070 26,
323 3015 368 3062 27.
380 3013 488 3070 haesit,
499 3012 593 3062 ‘stuck
605 3012 680 3062 fast)
692 3025 748 3074 pro
772 3013 847 3061 them
860 3013 1025 3062 insufficient
1043 3014 1167 3076 rewards,
1182 3030 1235 3077 you
1251 3015 1283 3064 do

234 3090 353 3139 domini
377 3090 456 3137 vita:
475 3089 510 3138 ci.
532 3090 579 3138 the
599 3090 747 3149 Narratio,
771 3096 820 3137 not
849 3090 930 3138 know
958 3091 1019 3139 how
1047 3096 1076 3140 to
1106 3091 1223 3141 criticise
1250 3105 1283 3140 an

235 3168 300 3228 §29.
312 3167 340 3215 31
354 3167 374 3215 i.
771 3167 890 3227 enemy’s
908 3166 1043 3215 conduct)
1086 3167 1144 3216 The
1162 3182 1283 3229 prosecu-

267 3243 327 3303 §57.
341 3242 386 3299 28,
396 3242 440 3290 29.
451 3243 549 3290 misit:
562 3256 597 3292 sc.
608 3242 684 3302 Milo,
695 3242 748 3290 and
770 3242 828 3290 tion
847 3243 901 3290 had
920 3243 1035 3304 charged
1056 3243 1124 3291 Milo
1143 3245 1212 3292 with
1234 3249 1283 3294 set·

234 3321 323 3370 notice
340 3321 387 3368 the
404 3320 507 3381 change
520 3321 549 3369 oi
566 3320 669 3381 subject
682 3319 748 3367 with
770 3319 829 3380 ting
851 3319 893 3366 his
917 3318 1003 3367 slaves
1026 3320 1081 3367 free
1104 3319 1133 3367 in
1156 3321 1236 3370 order
1256 3328 1282 3369 to

234 3411 270 3444 no
283 3410 408 3457 pronoun
416 3402 444 3444 to
457 3397 534 3444 mark
544 3397 572 3444 it.
608 3395 747 3443 scilicet:
771 3400 882 3454 prevent
892 3396 1115 3456 theirtestimony
1123 3396 1195 3444 from
1206 3396 1282 3458 being

234 3472 444 3522 seeonII.19.5.
462 3472 747 3527 netormentis,etc.:
770 3471 834 3518 used
843 3472 1022 3532 againsthim.
1060 3471 1197 3522 Freemen
1206 3472 1281 3522 could

233 3549 277 3598 for
283 3550 329 3597 the
339 3550 524 3598 examination
532 3549 561 3597 of
568 3549 653 3598 slaves
661 3563 704 3596 see
712 3562 745 3596 on
771 3552 818 3594 not
831 3548 863 3595 be
875 3548 965 3596 forced
979 3554 1007 3596 to
1019 3549 1121 3609 testify.

232 3624 298 3674 Sull.
321 3625 418 3674 7812.
454 3625 495 3686 By
509 3624 655 3673 thebiilof
670 3625 747 3672 Pom·
802 3625 871 3682 558.
897 3622 922 3670 6.
946 3624 998 3683 qui
1022 3624 1132 3679 omnia,
1150 3625 1221 3675 from
1237 3626 1281 3674 the

233 3702 309 3763 peius
317 3702 363 3750 the
371 3702 556 3750 examination
569 3701 597 3750 of
609 3701 747 3749 witnesses
770 3700 872 3759 perfect
893 3700 962 3748 dixit
980 3713 1014 3747 sc.
1036 3713 1052 3747 a
1069 3706 1180 3761 present
1197 3702 1280 3752 dicit:

232 3777 360 3841 preceded
369 3778 416 3826 the
427 3778 553 3840 speeches
565 3776 594 3825 of
605 3775 722 3826 counsel.
769 3776 803 3824 cf.
823 3774 889 3824 Sull.
902 3775 948 3823 10.
960 3774 1004 3835 323
1021 3775 1047 3822 1.
1065 3777 1103 3826 16.
