2678 4260
447 237 528 295 cnr.
552 240 640 306 aar,
664 242 678 308 r
701 239 787 297 atas.
879 206 883 215 ’
1127 228 1190 298 487

98 415 276 503 gemebant
298 415 385 491 boni,
403 415 581 505 sperabant
603 415 744 500 inprobi,
761 416 881 502 agebat
901 414 1059 482 'tribunus
1082 417 1140 501 pl,
1163 437 1192 482 at

98 520 250 584 consules
267 518 483 584 adiuvabant.

141 641 248 688 xxxi.
281 623 347 688 Hic
373 623 565 707 aliquande,
583 625 700 701 serius-
715 644 829 709 ‘quam
852 626 922 710 ipse
938 625 1059 702 ‚veliet
1077 625 1139 689 Cn.
1153 629 1191 694 67

98 729 277 812 Pompeius
293 727 502 792 invitissimis
519 728 570 803 iis,
588 729 646 812 qui
669 735 813 794 mentem
829 730 947 813 optimi
970 751 1007 792 ac
1032 727 1141 793 fortis-

97 833 173 897 simi
188 832 250 897 viri
266 832 336 896 suis
353 831 500 895 consiliis
516 831 670 916 fictisque
696 832 878 897 terroribus
900 848 925 896 a'
943 830 1136 897 defensione
1177 820 1179 827 ¹

97 957 189 1001 meae
205 937 323 1000 salutis
340 942 541 1010 averterant,
559 937 722 1001 excitavit
738 937 829 1000 iiiam
848 957 943 1002 suam
966 957 1033 1001 non
1056 938 1140 1022 sopi-

98 1048 176 1116 tam,
202 1040 261 1105 sed
286 1040 475 1124 suspicione
501 1039 613 1123 aliqua
639 1040 840 1105 retardatam
865 1039 1143 1106 consuetudinem
1179 1062 1217 1106 s*

97 1144 314 1228 reipublicae
332 1144 415 1208 bene
431 1141 606 1228 gerendae.
652 1142 728 1206 Non
741 1152 793 1208 est
803 1165 921 1228 passus
934 1144 991 1209 iiie
1009 1145 1070 1220 vir,
1082 1146 1141 1228 qui

96 1249 367 1319 sceleratissimos
384 1249 475 1324 civis
493 1249 552 1333 qui
569 1249 744 1313 acerrimos
765 1249 879 1326 hostis,
898 1250 956 1334 qui
980 1250 1140 1315 maximas

97 1355 259 1430 nationes,
284 1353 343 1438 qui
367 1375 472 1440 reges,
501 1354 559 1436 qui
584 1353 695 1437 gentis
722 1352 810 1416 feras
836 1360 937 1438 atque
963 1353 1140 1432 inauditas,

98 1459 157 1541 qui
183 1456 387 1541 praedonum
418 1457 584 1519 infinitam
611 1477 756 1533 manum,
783 1458 843 1541 qui
873 1459 975 1521 etiam
1003 1458 1142 1523 servitia

97 1562 224 1626 virtute
241 1562 448 1645 victoriaque
468 1559 660 1636 domuisset,
678 1561 736 1645 qui
757 1560 909 1625 omnibus
933 1561 1031 1625 bellis
1055 1569 1144 1626 terra
1166 1582 1195 1628 10

97 1666 248 1749 marique
286 1664 483 1749 compressis
520 1664 697 1748 imperium
732 1664 848 1749 popuii
881 1666 1022 1729 Romani
1054 1666 1141 1731 orbis

98 1777 262 1834 terrarum
272 1770 423 1834 terminis
435 1768 615 1844 definisset,
627 1791 696 1833 rem
708 1768 878 1852 publicam
894 1765 1001 1835 everti
1016 1771 1142 1836 sceiere

98 1894 289 1957 paucorum,
318 1895 418 1957 quam
443 1873 513 1957 ipse
541 1893 608 1935 non
635 1873 744 1937 solum
769 1874 929 1950 consiliis,
954 1872 1014 1939 sed
1040 1875 1143 1939 etiam

97 1978 261 2063 sanguine
274 1998 335 2041 suo
351 1998 448 2061 saepe
465 1984 646 2052 servasset3
670 1978 812 2042 accessit
827 1976 870 2042 ad
885 1998 1019 2041 causam
1035 1978 1144 2063 pubii-

98 2103 179 2157 cam,
196 2081 322 2145 restitit
337 2080 534 2144 auctoritate
551 2100 612 2144 sua
633 2081 773 2164 reliquis
800 2079 909 2156 rebus,
927 2089 1068 2164 questus
1092 2089 1146 2147 est
1167 2103 1196 2148 15

97 2184 139 2248 de
165 2185 362 2268 praeteritis.
409 2183 496 2246 Fieri
523 2182 686 2265 quaedam
711 2183 755 2246 ad
780 2184 950 2249 meliorem
975 2207 1068 2269 spem
1096 2186 1172 2248 in-·
1276 2170 1279 2176 ’

84 2285 235 2348 'clinatio
260 2285 332 2347 visa
359 2291 419 2348 est.
466 2283 626 2353 Decrevit
651 2290 787 2372 senatus
814 2281 975 2368 frequens
1001 2284 1043 2351 de
1071 2285 1196 2353 me068

131 2474 195 2535 §ot
215 2471 277 2522 1-9.
295 2463 398 2528 vallet,
418 2471 522 2522 ‘would
539 2472 608 2521 have
634 2487 679 2522 are
717 2477 767 2522 not
806 2474 936 2537 arranged
976 2474 1146 2540 chronologi-

98 2548 198 2599 iiked:’
218 2563 254 2598 sc.
269 2550 292 2598 si
305 2547 472 2608 laceratam
482 2547 526 2598 ior
537 2561 608 2609 pres·
634 2549 711 2610 caliy.

97 2618 146 2675 ent
162 2625 228 2674 time
247 2625 282 2674 cf.
302 2624 367 2674 Suil.
380 2623 425 2672 46.
445 2624 488 2685 183
504 2623 549 2673 23.
567 2624 607 2673 33.
665 2625 766 2673 11-15.
785 2625 871 2674 orbis
893 2660 946 2674 ...
969 2626 1147 2678 definisset:

98 2701 152 2751 For
160 2702 206 2750 tire
215 2701 270 2750 real
278 2715 372 2750 reason
382 2701 478 2750 forthe
487 2700 608 2763 changed
634 2706 715 2762 quote
743 2700 846 2751 similar
876 2702 1047 2764 expressions
1074 2704 1146 2752 from

98 2777 214 2827 attitude
237 2778 266 2826 of
287 2770 433 2838 Pompeius
455 2790 499 2827 see
521 2768 554 2838 p.
566 2777 606 2839 45,
635 2776 685 2827 IV.
698 2776 743 2824 21.
759 2777 791 2826 22
808 2777 861 2826 and
879 2776 1043 2828 111.26.15.
1078 2791 1146 2828 san·

99 2855 152 2916 §82
161 2854 195 2903 ad
203 2854 249 2904 fin.
283 2853 367 2900 fictis
374 2852 559 2923 terroribus:
571 2851 606 2902 cf.
634 2845 724 2912 guina
739 2888 744 2900 .
762 2889 768 2900 .
785 2889 791 2902 .
807 2857 981 2903 servasset:
998 2856 1088 2905 notice
1100 2857 1147 2907 tlre

99 2930 168 2992 541.
192 2931 223 2979 21
246 2929 266 2980 f.
302 2927 388 2985 civis,
407 2928 453 2977 tire
475 2927 609 2978 foliowers
634 2928 805 2979 ailiteration.
852 2929 902 2980 We
929 2931 1011 2981 know
1039 2931 1069 2982 oi
1097 2933 1147 2981 but

99 3006 129 3056 oi
145 3007 256 3067 Marius,
270 3002 410 3066 especially
422 3001 454 3062 Q.
474 3003 610 3054 Sessorius
634 3019 685 3054 one
701 3007 824 3055 occasion
837 3008 917 3056 when
933 3007 1080 3072 Pompeius
1092 3021 1146 3058 was

99 3085 127 3133 in
143 3084 235 3145 Spain.
270 3081 371 3130 hostis
388 3116 394 3128 .
411 3114 417 3128 .
434 3115 440 3129 .
457 3080 567 3141 gentis,
580 3080 609 3130 in
634 3082 766 3132 wounded
775 3081 814 3144 (ln
824 3081 855 3136 75
867 3089 895 3132 at
905 3084 993 3134 'lucro
1003 3085 1031 3135 ln
1039 3083 1144 3148 Spain),

99 3160 143 3209 liis
170 3158 326 3221 campaigns
358 3156 465 3219 against
497 3156 610 3206 Mithra·
635 3159 687 3208 and
700 3173 780 3220 saepe
792 3165 864 3220 must
875 3160 908 3209 be
920 3161 1003 3210 taken
1013 3161 1147 3210 therefore

99 3236 174 3284 dates
202 3234 256 3283 and
287 3233 425 3294 Tigranes.
466 3232 610 3282 servitia:
635 3249 664 3284 as
687 3235 715 3284 in
738 3235 787 3286 IV.
813 3235 839 3299 ⁷.
862 3236 900 3286 10.
943 3235 1147 3294 accessit'sd,

99 3312 135 3361 cf.
167 3311 217 3361 IV.
253 3309 280 3357 4.
309 3309 348 3359 31.
395 3309 455 3358 The
484 3313 611 3359 remnant
638 3311 763 3373 ‘joined’
799 3311 927 3373 reliquis
949 3312 1051 3368 rebus,
1069 3313 1146 3361 tirose

99 3389 128 3438 oi
160 3388 206 3436 the
234 3386 368 3436 followers
396 3385 430 3454 oi¹
455 3385 609 3448 Spartacus,
636 3386 792 3435 mentioned
816 3386 843 3434 in
862 3387 875 3448 ξ
893 3387 932 3436 66.
968 3386 1020 3435 For
1037 3387 1083 3435 the
1100 3399 1147 3435 use

99 3464 223 3515 defeated
240 3463 275 3526 by
293 3462 405 3512 Crassus
425 3462 453 3509 in
472 3462 512 3522 ll,
531 3461 610 3510 while
636 3462 665 3509 oi
681 3461 803 3522 reliquis,
818 3461 905 3510 where
918 3462 964 3510 the
981 3462 1062 3524 thing
1076 3476 1147 3511 com·

99 3537 212 3602 m'aking
230 3539 301 3588 their
319 3552 376 3600 way
394 3538 453 3586 into
473 3535 544 3585 Gaul
564 3535 609 3586 feli
636 3537 763 3599 paradis
792 3542 840 3587 not
870 3542 914 3601 yet
942 3536 1030 3587 stated
1050 3537 1147 3599 (prae-

99 3617 128 3665 in
146 3617 213 3666 with
230 3615 376 3676 Pompeius
393 3615 458 3663 tiren
471 3612 611 3676 returnlng
637 3611 746 3676 ieritis),
760 3627 851 3664 aeeon
865 3615 971 3678 ceteris,
980 3614 1046 3665 Sull.
1060 3613 1086 3662 6.
1098 3613 1138 3664 al.

99 3692 171 3743 from
182 3691 275 3754 Spain.
311 3691 354 3740 He
364 3690 461 3752 utterly
471 3689 609 3753 destroyed
668 3690 975 3750 §68.17.Deorevit‚
1001 3696 1066 3740 etc:
1084 3688 1144 3747 read

100 3770 184 3820 them.
219 3766 317 3818 Notice
335 3765 394 3816 that
411 3766 458 3814 the
476 3765 611 3815 incidente
635 3780 661 3828 p.
670 3766 710 3829 45,
724 3765 784 3824 §sa
