2678 4260
180 235 244 309 490
525 247 598 304 eno
621 247 651 304 r.
676 246 801 304 sasno
824 247 973 306 enarro.

234 425 384 502 eandem,
398 425 583 491 libertatem
599 448 665 489 non
683 425 821 490 eandem
839 449 969 510 semper
984 426 1152 494 habuisse.
1191 427 1279 492 Nam

234 554 276 596 ex
296 552 417 595 novem
440 530 596 607 tribunis,
614 552 698 614 quos
726 537 807 595 tunc
829 530 1019 607 habueram,
1032 553 1121 597 unus
1148 554 1202 598 me
1226 532 1280 597 ab

181 657 208 701 rs
230 643 324 701 sente
356 632 510 710 defluxit,
535 635 594 718 qui
618 656 803 720 cognomen
835 635 899 699 sibi
926 657 968 699 ex
996 636 1173 700 Aeliorum
1201 637 1281 701 ima-

231 739 366 826 ginibus
394 740 545 823 arripuit,
571 761 639 823 quo
666 741 771 825 magis
801 740 947 804 nationis
976 741 1047 805 eius
1076 763 1146 805 esse
1175 762 1278 825 quam

180 849 219 911 70
230 845 361 930 generis
399 843 580 907 videretur.
643 843 717 908 Hoc
756 843 862 929 igitur
899 865 987 908 anno
1025 844 1278 931 magistratibus

233 950 329 1014 novis
355 947 539 1034 designatis
564 968 642 1011 cum
665 969 779 1011 omnes
802 947 881 1012 boni
912 969 1044 1013 omnem
1069 970 1162 1034 spem
1188 948 1280 1014 meli-

233 1054 298 1117 oris
337 1059 447 1116 status
478 1053 512 1114 in
543 1073 658 1115 eorum
695 1051 795 1116 fidem
833 1053 1088 1130 convertissent,
1119 1053 1278 1137 princeps

177 1176 207 1221 20
230 1157 268 1220 P.
293 1156 458 1221 Lentulus
493 1156 693 1220 auctoritate
725 1177 763 1220 ac
794 1157 963 1221 sententia
996 1178 1057 1221 sua
1088 1157 1211 1221 Pisone
1242 1165 1279 1221 et

233 1261 377 1324 Gabinio
407 1259 675 1345 repugnantibus
706 1280 840 1324 eausam
877 1260 1028 1344 suscepit
1064 1260 1277 1344 tribunisque

230 1367 275 1450 pl.
301 1371 376 1428 octo
403 1362 625 1428 referentibus
648 1364 969 1448 praestantissimam
994 1364 1036 1429 de
1067 1386 1119 1429 me
1146 1371 1279 1428 senten·

232 1470 313 1533 tiam
339 1467 436 1531 dixit.
484 1468 651 1547 Quicum
677 1467 720 1531 ad
744 1469 886 1555 gloriam
909 1489 1005 1533 suam
1029 1475 1130 1553 atque
1153 1467 1197 1532 ad
1211 1489 1279 1532 am·

232 1573 373 1658 piissimi
412 1572 564 1636 beneficii
602 1573 745 1659 gratiam
785 1574 891 1659 magis
938 1574 1106 1657 pertinere
1144 1571 1279 1637 videret

175 1694 205 1738 as
230 1698 362 1741 causam
380 1676 471 1739 illam
488 1677 652 1761 integram
678 1676 721 1740 ad
742 1698 842 1741 suum
866 1676 1080 1741 consulatum
1103 1677 1276 1751 reservari,

229 1789 341 1845 tamen
367 1802 436 1844 rem
463 1781 566 1844 talem
590 1802 649 1865 per
665 1781 746 1845 alios
770 1781 870 1846 citius
888 1803 989 1866 quarn
1013 1803 1122 1866 perse
1146 1780 1277 1845 tardius

228 1885 346 1949 confici
363 1883 516 1948 malebat.

175 1993 213 2055 71
271 2004 408 2051 xxxiii.
441 1987 517 2052 Hoc
550 1989 685 2053 interim
717 1995 866 2075 tempore
892 1988 931 2053 P.
963 1988 1103 2066 Sestius,
1135 1988 1276 2065 iudices,

232 2091 428 2177 designatus
444 2092 509 2155 iter
523 2091 567 2156 ad
581 2091 620 2157 O.
634 2091 811 2157 Caesarem
828 2116 887 2178 pro
900 2114 973 2158 mea
989 2092 1099 2157 salute
1115 2095 1276 2177 suscepit.

229 2193 322 2273 Quid
359 2196 476 2281 egerit,
509 2204 674 2279 qnantum
713 2195 903 2280 profecerit,
936 2195 1022 2259 nihil
1060 2195 1103 2259 ad
1141 2198 1294 2260 causam‘

230 2297 406 2384 (equidem
432 2299 598 2376 existima,
627 2301 655 2364 si
683 2301 751 2376 ille,
777 2307 817 2365 ut
846 2300 997 2378 arbitror,
1021 2321 1152 2385 aequus
1179 2300 1277 2365 nobis

256 2492 357 2542 13-15.
375 2493 470 2542 Nam:
483 2498 598 2544 connect
608 2496 673 2544 with
682 2510 736 2545 uon
763 2495 811 2545 the
841 2496 967 2559 proposal
996 2497 1025 2545 of
1053 2496 1170 2547 October
1201 2496 1275 2556 aeth,

224 2572 348 2631 crevisse,
373 2569 390 2619 l.
416 2572 454 2621 10.
499 2574 582 2628 tunc,
601 2573 680 2621 when
703 2573 737 2620 he
763 2572 871 2634 already
883 2572 1041 2623 mentioned
1058 2573 1087 2620 ln
1109 2572 1127 2621 i.
1146 2572 1274 2622 sebove.

224 2652 296 2697 went
305 2647 364 2696 into
373 2647 450 2697 exile.
486 2658 672 2708 cognomen:
690 2649 737 2697 the
764 2660 842 2705 cum,
855 2649 1017 2698 concessive.
1058 2659 1114 2709 per
1125 2647 1206 2697 alios
1222 2647 1276 2698 and

224 2723 332 2773 tribune
341 2723 394 2772 had
402 2723 590 2785 appropriated
600 2725 646 2773 the
658 2739 737 2775 name
763 2736 865 2785 perse
877 2726 982 2774 arethe
994 2724 1131 2786 emphatic
1143 2724 1240 2775 words.

224 2799 311 2860 Ltyus
324 2800 351 2848 in
363 2799 442 2849 order
454 2805 481 2849 to
496 2813 558 2861 pass
570 2800 640 2849 fora
653 2814 738 2850 mem·

225 2873 272 2925 ber
289 2876 318 2925 of
340 2876 387 2925 the
404 2875 571 2924 aristocratia
593 2877 688 2939 family
709 2879 738 2928 of
795 2873 941 2931 §71.1-4.
966 2874 1038 2924 Hoc
1054 2874 1180 2923 interim
1200 2877 1277 2924 tem-

224 2952 273 3002 the
294 2950 370 3002 Aeta
389 2951 513 3012 Lipares.
561 2952 655 3003 cicero
678 2969 737 3017 says
763 2962 846 3011 pore,
859 2950 905 3000 the
922 2951 989 2999 time
1005 2950 1126 2999 between
1144 2950 1192 2999 the
1209 2949 1277 2999 elee-

224 3028 260 3078 he
271 3042 325 3077 was
344 3028 435 3077 rather
446 3029 580 3091 supposed
599 3034 629 3080 to
641 3030 738 3093 belong
764 3027 821 3076 tion
834 3026 863 3075 of
879 3026 982 3076 Sestius
994 3027 1048 3075 and
1065 3027 1112 3075 the
1129 3025 1279 3088 beginning

226 3109 254 3154 to
273 3104 319 3152 the
339 3105 512 3155 treacherous
529 3108 625 3155 nation
643 3107 672 3156 of
692 3109 737 3156 the
764 3103 794 3152 oi
810 3103 852 3151 his
869 3107 947 3163 term,
972 3103 1120 3153 December
1138 3103 1209 3152 loth.
1246 3102 1277 3152 Ο.

226 3179 410 3242 Ligun'ansof
427 3179 516 3231 Gallia
528 3181 674 3245 Cisalpina.
765 3177 988 3227 Gaesarem:
1012 3179 1060 3228 the
1082 3178 1203 3240 meeting
1223 3191 1278 3228 was

256 3253 302 3302 16.
325 3266 388 3315 quo
405 3289 411 3301 .
428 3289 434 3302 .
452 3290 457 3303 .
475 3256 641 3314 videretur,
656 3257 739 3306 ‘with
764 3253 894 3316 probably
910 3254 939 3304 in
958 3251 1048 3303 Gallia
1065 3252 1217 3315 Cisalpina:
1235 3267 1279 3302 sce

224 3330 272 3379 the
293 3329 377 3381 result
392 3331 462 3390 that,
475 3332 546 3391 etc.‚’
568 3333 615 3382 the
635 3334 703 3395 subJ'.
716 3334 739 3383 ie
765 3331 812 3379 the
831 3329 882 3378 last
899 3334 1026 3380 sentence
1045 3330 1074 3378 in
1092 3329 1168 3379 Caes.
1187 3329 1239 3379 Bk.
1255 3329 1276 3379 1.

224 3404 405 3466 consecutive,
418 3411 467 3455 not
479 3406 551 3456 final.
765 3405 848 3464 Quid
860 3405 970 3466 egerit:
988 3406 1031 3455 ior
1042 3406 1168 3468 meaning
1177 3405 1214 3455 ci.
1225 3405 1277 3457 IV.

237 3536 241 3542 ,
257 3478 322 3541 570.
339 3479 441 3528 17-26.
458 3480 529 3530 Ηοο
545 3482 638 3543 igitur
650 3496 739 3540 anno,
765 3482 811 3530 12.
822 3481 865 3532 36:
882 3480 1013 3531 translate
1028 3482 1094 3531 each
1109 3481 1200 3531 clause
1217 3482 1253 3544 by
1263 3496 1281 3531 a

224 3554 267 3616 583
285 3553 328 3603 for
343 3555 432 3615 icitur
448 3569 493 3605 see
509 3557 670 3609 on1.9.16.
707 3559 739 3607 P.
766 3571 854 3608 noun:
876 3558 1006 3619 011166.
1025 3558 1070 3619 213
1087 3558 1127 3607 62.
1143 3557 1167 3606 8.
1202 3557 1281 3607 nihil

223 3627 375 3681 unane·
403 3630 541 3694 Spinther,
567 3633 629 3682 who
655 3634 739 3696 spoke
765 3635 807 3684 ad
830 3645 970 3683 causam:
992 3648 1029 3686 sc.
1050 3636 1091 3684 est
1107 3648 1138 3683 or
1160 3635 1281 3696 attiaet;

224 3703 423 3757 firstascoasul
433 3708 600 3771 desiccatus,
609 3724 653 3759 see
661 3725 687 3773 p.
698 3710 738 3772 75,
767 3713 815 3762 the
826 3711 927 3774 ellipsis
940 3712 962 3762 is
978 3711 1053 3774 quite
1069 3709 1184 3774 regular.
1218 3709 1281 3767 ille,

223 3781 238 3844 ἦ
250 3780 305 3832 106.
328 3780 480 3831 tribunis.
492 3817 498 3829 .
510 3817 515 3830 .
527 3783 741 3844 referentibus,
768 3788 875 3839 Caesar.
