2678 4260
178 245 244 314 542
634 257 665 312 r.
688 257 815 309 srsrro
838 254 989 309 casuro.

233 432 342 509 vabat,
362 431 439 498 Sex.
459 430 611 508 Clodius,
631 431 731 496 homo
755 431 797 496 iis
823 429 1053 516 dignissimus,
1078 427 1282 514 quibuscum

178 554 208 600 10
230 538 326 613 vivit,
341 536 457 601 tubam
469 535 657 611 Vatinium,
671 556 743 601 sese
758 536 956 620 scriptorem
972 555 1043 599 esse
1060 533 1208 610 diceret;
1225 534 1281 600 ille

230 663 319 706 unus
345 638 472 705 ordinis
500 640 605 704 nostri
627 640 777 705 discessu
805 661 889 715 meo,
911 640 1008 703 luctu
1031 644 1145 704 vestro
1172 638 1281 724 palam

230 745 408 811 exultavit.
448 743 500 809 De
517 764 585 828 quo
598 765 670 830 eg0,
684 765 761 808 eum
777 742 899 809 cotidie
915 748 1039 819 rueret,
1052 741 1195 807 verbum
1205 741 1281 820 ieci,

229 849 368 925 iudices
385 870 569 933 numquam
587 870 695 934 neque
712 849 840 934 putavi,
853 870 930 913 eum
946 847 1099 913 omnibus
1116 847 1280 914 machinis

229 976 267 1019 ac
292 955 478 1029 tormentis,
505 953 549 1029 vi,
574 954 736 1029 exercitu,
763 954 867 1038 copiis
896 973 1117 1038 oppugnarer,
1143 950 1184 1016 de
1213 974 1280 1018 uno

152 1074 205 1119 ,15
227 1058 402 1144 sagittario
434 1078 485 1122 me
517 1057 614 1141 queri
653 1058 842 1122 convenire.
903 1056 993 1121 Acta
1030 1077 1104 1121 mea
1138 1054 1204 1120 sibi
1234 1057 1282 1121 ait

229 1161 417 1246 displicere.
465 1160 550 1240 Quis
567 1161 700 1225 nescit?
726 1162 786 1245 qui
806 1161 914 1247 legem
941 1181 1048 1225 meam
1074 1167 1279 1238 contemnat,

229 1287 314 1351 qnae
338 1264 485 1331 dilucide
515 1272 609 1330 vetat
635 1264 836 1351 gladiatores
862 1265 1005 1341 bienni0‚
1031 1285 1098 1349 quo
1123 1265 1200 1348 quis
1227 1287 1280 1350 pe·

157 1373 214 1435 134
230 1370 322 1434 tierit
351 1377 410 1434 aut
442 1370 610 1454 petiturus
642 1370 696 1445 sit,
724 1368 811 1434 dare.
852 1369 893 1432 In
919 1390 987 1453 quo
1012 1369 1084 1433 eius
1112 1369 1280 1434 temerita-

229 1481 296 1538 tem
312 1474 395 1537 satis
417 1472 539 1548 mirari,
557 1471 695 1548 iudices,
713 1494 779 1536 non
806 1494 903 1557 quea.
950 1471 1046 1536 Facit
1070 1472 1278 1556 apertissime

176 1593 206 1639 m
227 1585 343 1643 contra
381 1576 500 1662 legem,
533 1575 615 1640 iacit
649 1577 687 1652 is,
719 1577 779 1660 qui
813 1597 923 1660 neque
955 1575 1041 1640 elabi
1079 1596 1121 1640 ex
1153 1575 1278 1641 iudicio

228 1671 524 1745 iucunditate'sna
552 1701 660 1764 neque
686 1679 794 1743 emitti
822 1680 930 1765 gratia
945 1685 1056 1764 potest
1077 1699 1188 1763 neque
1213 1680 1279 1764 opi-

227 1785 290 1851 bus
307 1792 341 1850 et
355 1786 506 1870 potentia
521 1785 613 1870 leges
635 1807 672 1848 ac
697 1784 818 1849 iudicia
843 1783 1058 1870 perfringere.
1106 1783 1202 1863 Quae
1226 1807 1277 1850 res

228 1890 395 1954 hominem
421 1888 565 1973 inpellit,
583 1897 622 1952 ut
645 1890 690 1953 sit
715 1896 783 1953 tam
804 1888 1057 1973 intemperans?
1101 1887 1276 1953 Familiam

227 1993 468 2080 gladiatoriam,
486 1991 594 2067 credo,
612 2000 731 2056 nactus
752 2001 804 2057 est
826 1993 1017 2077 speciosam,
1035 1992 1192 2068 nobilem,
1209 1993 1277 2079 glo

174 2114 204 2160 to
226 2099 355 2161 riosarn.
403 2095 509 2159 Norat
523 2095 636 2160 studia
652 2097 778 2181 populi,
799 2096 935 2162 videbat
956 2096 1117 2160 clamores
1144 2105 1179 2161 et
1203 2118 1277 2161 cona

228 2223 345 2268 cursus
358 2200 502 2264 futuros.
515 2200 519 2209 '
544 2199 618 2264 Hac
633 2201 883 2285 exspectatione
898 2200 1007 2264 elatus
1020 2200 1118 2263 homo
1130 2198 1275 2286 flagrans

226 2307 412 2392 cupiditate
429 2305 554 2391 gloriae
568 2312 682 2369 tenere
699 2302 734 2369 se
752 2326 819 2368 non
837 2305 959 2389 potuit,
979 2304 1061 2389 quin
1077 2325 1134 2368 eos
1152 2303 1277 2392 gladia·

227 2418 315 2476 tores
332 2409 517 2484 induceret,
532 2430 675 2493 quorum
688 2417 777 2474 esset
792 2409 862 2494 ipse
880 2408 1135 2493 pulcherrimus.
1181 2407 1219 2473 si
1235 2407 1274 2474 ob

232 2676 234 2683 ·
255 2645 336 2695 9-14.
361 2645 434 2695 Sex.
454 2645 590 2701 Clodius,
614 2658 630 2692 a
653 2643 739 2692 freed·
762 2643 822 2691 erit
836 2647 891 2692 aut
909 2644 1066 2706 petiturus
1084 2643 1127 2691 sit
1143 2641 1274 2706 ‘ibeiorei

224 2723 324 2771 manos
333 2721 740 2772 theClaudianhouscandem-
762 2721 888 2782 running,
906 2734 937 2769 or
951 2721 1064 2781 making
1086 2733 1123 2780 np
1143 2719 1185 2768 iris
1200 2719 1275 2769 mind

223 2796 318 2858 ployed
327 2797 361 2858 by
369 2797 564 2846 thetribnneto
571 2797 642 2844 draw
649 2811 685 2857 up
693 2797 739 2844 tire
762 2801 857 2852 tornn,
868 2796 1011 2845 forastice)
1037 2807 1113 2856 quo:
1126 2797 1160 2844 cf.
1172 2796 1185 2856 ξ
1197 2797 1222 2846 2.
1235 2797 1273 2848 l'i.

223 2871 287 2922 lawe
300 2873 388 2922 which
400 2873 435 2920 ire
447 2872 586 2934 proposed.
622 2871 738 2928 tubam,
793 2873 884 2932 5134.
920 2872 965 2928 19,
980 2872 1025 2920 20.
1058 2883 1135 2920 non
1153 2884 1275 2933 queo:

222 2949 339 3010 perhaps
375 2947 592 3009 ‘mouth-picea,'
621 2946 738 3008 ‘spokes-
760 2949 804 2997 for
829 2949 899 2997 form
931 2963 975 2997 see
1005 2962 1041 2997 on
1072 2948 1142 2996 Mur.
1176 2947 1224 2996 ⁵5.
1249 2950 1273 2999 c.

222 3025 307 3073 man.’
342 3023 486 3072 omnibus
505 3059 530 3070 ..
547 3023 737 3078 .tormentis,
760 3037 801 3073 ex
817 3025 943 3074 iudicio.
978 3025 1021 3073 He
1035 3038 1088 3074 was
1099 3032 1127 3073 at
1145 3025 1201 3074 this
1213 3038 1277 3088 very

224 3097 275 3149 ‘all
291 3107 360 3149 sorts
377 3100 406 3148 oi
422 3101 508 3162 heavy
522 3098 660 3160 artillery.’
761 3102 825 3149 time
835 3101 993 3150 threatened
1003 3102 1067 3149 with
1078 3101 1276 3163 aprosecutlcn

254 3175 355 3224 15-18.
389 3176 474 3224 Acta
501 3188 576 3232 mea,
603 3174 663 3236 ‘my
691 3175 736 3224 ad·
759 3176 802 3223 for
814 3181 953 3237 contempt
965 3175 994 3224 oi
1010 3175 1056 3223 the
1069 3175 1110 3224 ieae
1125 3175 1226 3225 Tullia.

222 3251 424 3301 ministration’
472 3252 537 3312 qui
552 3252 561 3312 (
575 3265 673 3300 :curn
701 3249 735 3313 ia)
791 3251 889 3300 22-28.
908 3250 993 3313 Quae
1018 3263 1076 3299 ree.
1117 3250 1211 3301 Cicero
1237 3265 1277 3302 as·

303 3329 491 3383 contemnat,
519 3328 588 3376 ‘sets
616 3334 644 3374 at
674 3325 737 3375 defl—
759 3342 849 3377 sumes
872 3328 933 3377 that
960 3329 1007 3377 tire
1036 3341 1116 3376 cause
1138 3342 1193 3377 was
1221 3343 1277 3377 arn-

222 3403 316 3453 anca:’
342 3404 384 3453 for·
402 3404 520 3465 position
538 3403 567 3452 of
585 3404 631 3451 the
648 3402 736 3452 clause
759 3404 855 3463 bition,
879 3403 933 3451 and
962 3403 1090 3464 proceeds
1119 3409 1148 3451 to
1172 3404 1277 3465 inquire

223 3493 267 3529 see
283 3494 318 3529 on
337 3481 390 3530 Ili.
405 3480 430 3527 5.
444 3482 483 3529 28.
519 3479 653 3536 biennio,
666 3491 736 3539 quo,
760 3479 817 3526 into
830 3478 876 3525 the
888 3476 1007 3540 grounds
1020 3476 1149 3526 Vatinius
1167 3478 1221 3526 had
1234 3479 1278 3528 for

224 3552 378 3617 ‘twoyears
387 3554 505 3615 before;’
520 3569 555 3603 an
564 3555 734 3604 abbreviated
759 3555 907 3616 supposing
929 3554 991 3601 that
1013 3553 1086 3601 farne
1111 3553 1200 3602 worrid
1226 3553 1277 3602 foi·

174 3673 177 3680 .
223 3632 377 3693 expression
392 3631 434 3679 for
446 3631 625 3679 bienniounie
635 3643 734 3678 ‹nrnrrrn
760 3630 810 3678 low
837 3631 879 3678 iris
896 3631 992 3679 shows
1021 3628 1134 3685 studia,
1155 3631 1273 3684 ‘testes'

224 3719 286 3768 quc,
298 3708 363 3755 witi}
376 3708 464 3755 witich
476 3721 538 3769 may
548 3707 580 3754 be
593 3706 735 3768 compared
761 3705 945 3766 preferences,’
972 3705 1027 3765 i.e.,
1053 3706 1080 3753 in
1106 3705 1152 3753 the
1177 3712 1277 3753 rnuttcr

223 3781 300 3838 Caes.
310 3783 360 3838 lll.
371 3782 611 3839 88.2anle.18.
621 3784 642 3831 1.
660 3782 737 3852 peti·
760 3781 789 3829 oi
805 3787 995 3837 amusemeuts.
1039 3779 1275 3851 pulcherrimus,
