2678 4260
142 236 204 304 200
482 250 554 302 rao
578 250 608 302 1.
633 250 792 302 numum
816 251 965 302 omno.

193 424 333 489 Possum
350 421 391 489 de
409 423 446 487 L.
464 390 573 499 Philo,
590 424 631 489 de
657 424 694 488 C.
713 423 798 489 Galo
814 424 923 489 dicere
940 424 1021 490 haec
1037 421 1165 501 eadem,
1181 421 1238 489 sed

192 538 226 594 te
249 528 386 592 domum
417 529 483 592 iam
507 527 670 593 deducam
695 536 798 592 tuam.
845 528 1101 614 Quemquamne
1128 529 1240 595 existi-

141 649 169 694 11
192 654 261 697 mas
286 633 424 709 Catone,
448 655 572 718 proavo
595 640 654 696 tuo
678 631 944 709 commodiorem,
968 633 1239 708 communiorem,

192 738 447 804 moderatiorem
462 738 566 804 fuisse
591 739 633 803 ad
656 761 787 804 omnem
810 740 974 804 rationem
996 739 1240 804 humanitatis?

193 844 243 909 De
269 844 365 908 euius
389 846 572 929 praestanti
598 845 723 909 virtute
749 866 825 909 cum
853 865 929 910 vere
953 845 1171 931 graviterque
1195 843 1241 907 di·

192 969 293 1024 10101,
310 947 531 1011 domesticum
547 955 580 1012 te
604 947 724 1012 habere
749 947 866 1012 dixisti
890 948 1082 1033 exemplum
1105 947 1149 1011 ad
1171 948 1241 1010 imi-

191 1052 340 1117 tandum.
389 1052 452 1115 Est
467 1051 552 1115 illud
569 1052 706 1136 quidem
729 1052 923 1138 exemplum
946 1052 1007 1116 tibi
1030 1053 1239 1137 propositum

140 1172 170 1217 40
191 1156 291 1233 dorni,
307 1156 366 1220 sed
390 1164 501 1220 tamen
518 1164 656 1220 naturae
673 1155 860 1220 similitudo
884 1157 975 1220 illius
999 1155 1041 1218 ad
1065 1163 1098 1220 te
1122 1156 1238 1242 magia,

192 1260 252 1344 qui
281 1260 322 1325 ab
352 1261 412 1324 illo
437 1269 529 1324 ortus
562 1283 607 1336 01,
632 1283 733 1344 quarn
763 1260 806 1324 ad
838 1283 942 1324 unum
967 1281 1137 1345 quemque
1168 1281 1241 1324 nos·

192 1371 281 1428 trum
314 1366 487 1449 pervenire
513 1367 634 1450 potuit,
659 1365 701 1429 ad
732 1365 933 1430 imitandum
960 1386 1038 1430 vero
1064 1371 1133 1429 tam
1159 1364 1240 1428 mihi

191 1471 399 1554 propositum
414 1470 584 1554 exemplar
607 1469 694 1533 illud
709 1478 761 1534 est
784 1492 887 1553 quam
902 1469 973 1535 tibi.
1020 1467 1086 1534 Sed
1101 1469 1130 1534 si
1148 1469 1239 1534 illius

192 1573 381 1639 comitatem
415 1581 450 1638 et
472 1564 671 1638 facilitatem
701 1582 779 1639 tuae
811 1575 969 1660 gravitati
999 1574 1239 1658 severitatique

140 1693 170 1738 11
191 1679 378 1762 asperseris,
405 1699 473 1742 non
494 1679 560 1742 ista
583 1677 719 1762 quidem
744 1686 843 1743 erunt
868 1679 1012 1756 meliora,
1039 1699 1124 1763 quae
1150 1699 1239 1743 nuno

191 1791 273 1847 sunt
288 1783 423 1866 optima,
440 1782 499 1847 sed
515 1790 604 1847 certe
622 1781 756 1846 condita
773 1782 964 1848 iucundius.

141 1886 180 1952 67
235 1903 356 1950 xxxii.
389 1885 512 1966 Quare,
531 1895 569 1951 ut
584 1886 627 1950 ad
648 1886 691 1963 id,
709 1887 800 1971 quod
820 1888 964 1964 institui,
983 1887 1239 1963 revertar,-tolle

167 2016 177 2024 ’
192 1991 273 2053 mihi
289 2013 307 2055 e
324 2012 424 2054 causa
440 2013 560 2055 nomen
578 1990 726 2066 Catonia,
744 2014 876 2056 remove
893 1993 1137 2068 auctoritatem,
1155 2013 1239 2077 quae

192 2094 227 2157 in
243 2093 376 2159 iudiciis
391 2105 451 2160 aut
466 2095 550 2159 nihil
567 2096 677 2160 valere
698 2104 758 2160 aut
774 2097 815 2159 ad
832 2098 976 2161 salutem
996 2095 1096 2161 dehet
1118 2097 1240 2173 valere,

192 2198 394 2284 congredere
405 2222 535 2264 mecum
548 2199 741 2264 criminibus
753 2202 844 2285 ipsis.
885 2201 976 2280 Quid
986 2221 1131 2276 accusata,
1146 2192 1240 2278 Cato,

154 2301 276 2385 aquid
285 2303 395 2368 adfers
406 2303 628 2378 adiudicium,
638 2304 863 2390 quidarguis?
901 2304 1239 2380 Anibitumaccusas;

192 2427 259 2469 non
289 2406 442 2472 defendo
491 2407 546 2472 Me
577 2407 801 2492 reprehendis,
826 2408 918 2494 quod
942 2408 1030 2474 idern
1052 2407 1239 2486 defendam,

192 2511 284 2594 quod
293 2511 367 2598 lege
379 2513 555 2597 punierim.
595 2511 721 2576 Puuivi
731 2513 905 2590 ambitum,
918 2535 985 2579 non
995 2515 1240 2591 innocentiam3

224 2718 316 2768 (13.1..
348 2721 452 2782 (Furio)
486 2719 584 2777 Philo,
613 2721 706 2770 consul
728 2728 829 2772 remote
847 2729 984 2772 ancestors
1001 2737 1017 2772 a
1033 2723 1199 2785 prepositton
1218 2724 1240 2773 11

193 2795 247 2857 136,
261 2812 312 2846 one
332 2799 362 2847 01
380 2799 427 2847 the
445 2804 517 2847 most
538 2797 637 2847 refined
653 2799 706 2847 and
727 2799 800 2847 used.

192 2872 388 2935 accomplished
413 2888 475 2922 men
499 2873 528 2921 of
556 2875 602 2921 the
631 2874 704 2922 time.
758 2872 863 2930 4146.
881 2873 1240 2935 asperseria,condita,

194 2946 225 2996 0.
238 2947 379 3011 (Sulpicio)
393 2948 480 3006 Galo,
492 2948 586 2998 consul
604 2949 632 2997 in
651 2951 705 3011 166,
726 2948 945 3011 metaphorirom
955 2963 1001 2998 use
1010 2949 1039 2998 01
1047 2950 1119 3013 spice
1128 2951 1156 2998 in
1165 2949 1240 2999 cock-

193 3024 282 3073 famed
293 3026 335 3074 ior
344 3026 386 3074 his
397 3025 554 3087 knowledge
563 3026 593 3073 01
604 3031 707 3074 astron·
727 3025 780 3087 ing.
817 3023 886 3072 Give
895 3025 998 3086 princp.
1009 3030 1082 3086 parts
1090 3024 1120 3073 01
1129 3024 1240 3074 condita

192 3113 264 3161 omy,
278 3101 331 3150 and
343 3103 390 3150 the
407 3101 464 3149 first
482 3101 587 3149 Roman
605 3105 633 3150 1ο
650 3115 707 3163 pre·
727 3100 800 3162 here,
814 3101 868 3149 and
880 3100 910 3149 of
923 3101 1058 3162 conditus,
1072 3101 1137 3162 §la
1152 3101 1191 3150 18.

193 3175 249 3224 dict
260 3190 295 3225 an
307 3176 413 3239 eclipse.

225 3251 272 3309 40,
283 3251 331 3302 41.
349 3251 407 3301 aad
426 3254 538 3308 tamen,
557 3257 618 3313 etc,
643 3251 708 3301 ‘but
759 3252 824 3315 167.
843 3252 870 3310 1,
882 3253 907 3300 2.
925 3256 1077 3302 revertar:
1090 3253 1124 3303 01.
1139 3255 1238 3314 dicum,

193 3329 437 3390 notwithstanding
454 3329 516 3377 that
538 3327 656 3377 likeness
679 3334 707 3377 to
727 3330 741 3391 ᾗ
759 3331 797 3380 32.
817 3329 1033 3392 73aqem,§10.
1053 3328 1092 3381 37.
1127 3342 1240 3378 nomen

193 3406 251 3454 him
264 3406 292 3453 in
311 3410 508 3467 temperament
525 3418 616 3453 comes
633 3419 707 3454 more
727 3406 855 3455 catonis
871 3430 896 3454 =
911 3421 1005 3455 11011101
1022 3405 1170 3456 Catonem:
1198 3419 1241 3455 see

195 3481 299 3543 (easily)
328 3487 357 3529 to
380 3495 441 3543 you,
466 3482 508 3529 his
531 3481 705 3540 descendant,
727 3498 762 3532 on
775 3485 968 3544 continentiae,
984 3484 1049 3543 §23
1066 3485 1102 3531 12.

194 3556 705 3620 thantoanyofus,stillthatpattern
757 3557 783 3605 4.
802 3556 992 3618 congredere
1025 3568 1149 3606 mecum
1185 3556 1241 3605 cri·

193 3633 243 3682 has
260 3634 327 3690 been
345 3639 386 3683 set
403 3647 439 3696 up
457 3634 500 3682 for
513 3648 557 3695 my
570 3635 706 3683 imitation
726 3633 869 3691 minibus,
889 3634 1030 3682 ‘contront
1048 3648 1091 3682 me
1106 3633 1174 3682 with
1195 3634 1240 3682 the

193 3724 223 3759 as
245 3710 304 3759 well
327 3725 356 3759 as
375 3710 474 3772 yours.'
509 3709 600 3765 illius,
624 3724 704 3759 masc.
726 3724 799 3759 mere
810 3709 950 3772 charges3’
964 3710 1007 3758 for
1024 3724 1126 3760 mecam
1149 3723 1240 3759 seeon

193 3786 272 3851 gend.
318 3787 358 3836 ab
380 3786 449 3835 illo:
473 3787 539 3837 with
562 3800 656 3836 names
678 3787 707 3835 01
727 3786 764 3834 11.
778 3785 824 3834 18.
837 3786 876 3835 26.
