2678 4260
594 272 788 324 excursus
811 274 833 323 1.
1203 258 1263 324 141
1281 317 1284 323 .

163 443 254 492 tinum
277 443 439 507 obtestatus,
461 445 533 508 quod
557 447 581 496 ei
601 452 682 497 notus
706 448 810 508 itinere,
827 448 860 498 de
877 448 982 508 litteris,
1002 452 1139 510 postremo
1155 448 1219 509 quid

164 528 232 583 erat,
258 530 397 586 postremo
420 525 532 576 timidus
555 540 587 575 ac
610 527 682 576 vitae
704 529 751 573 aut
763 538 816 586 qua
828 524 861 573 de
871 538 951 573 causa
963 523 1058 573 consili
1070 523 1218 583 habuisset,

162 598 291 649 diffidens
303 600 377 651 velut
389 603 512 652 hostibus
530 617 589 653 sese
607 617 682 665 prae·
705 601 792 662 primo
806 601 906 663 fingere
923 601 985 662 alia,
999 600 1169 650 dissimulare
1186 600 1219 649 de

163 676 269 726 toribus
281 677 364 728 dedit.
704 678 903 728 coniuratione:
917 683 986 739 post,
996 679 1042 727 ubi
1051 677 1102 727 lide
1112 678 1219 740 publica

196 750 244 800 46.
261 751 365 812 Quibus
382 753 461 802 rebus
477 754 609 804 coniectis
627 770 682 804 0m-
703 753 791 803 dicere
803 754 891 803 iussus
911 761 961 813 est,
975 755 1067 803 omnia
1086 755 1124 803 uti
1143 759 1218 817 gesta

163 828 211 877 nia
223 842 336 891 propere
346 844 394 891 per
403 831 515 881 nuntios
524 831 629 881 consuli
638 832 682 880 de·
704 837 780 879 erant
803 832 897 893 aperit,
921 830 1053 892 (locetque
1075 845 1103 880 se
1125 831 1218 892 paucis

131 908 148 953 2
163 904 310 955 clarantur.
346 906 384 955 At
401 907 478 956 illum
501 908 597 969 ingens
618 922 681 957 cura
692 914 767 956 -aute
779 906 872 956 diebus
885 921 900 955 a
913 906 1031 957 Gabinio
1042 915 1070 956 et
1087 909 1217 969 Caepario

163 988 247 1044 atque
275 982 379 1033 laetitia
401 984 482 1034 simul
505 998 680 1046 occupavere:
703 986 806 1033 socium
834 984 968 1033 adscitum
1000 984 1069 1033 nihil
1100 984 1216 1046 amplius

163 1072 230 1106 nam
247 1056 400 1109 laetabatur
412 1060 572 1123 intellegens
589 1062 681 1110 coniu-
703 1061 770 1108 scire
787 1073 869 1122 quam
882 1060 996 1122 legatos:
1016 1066 1122 1109 tanturn
1135 1062 1216 1109 modo
1281 1093 1284 1098 -

162 1136 271 1184 ratione
280 1135 417 1197 patefacta
428 1137 567 1186 civitatem
579 1139 681 1200 pericu·
703 1137 796 1185 audire
809 1136 919 1185 solitum
932 1151 966 1186 ex
983 1137 1099 1186 Gabinio
1117 1138 1146 1186 P.
1161 1139 1217 1185 Au-

163 1211 197 1260 lis
225 1218 346 1273 ereptam
379 1227 446 1274 esse,
476 1228 555 1276 porro
589 1222 679 1264 autem
703 1213 823 1262 tronium
858 1213 915 1262 Ser.
946 1212 1049 1262 Sullam
1086 1214 1116 1261 L.
1147 1213 1217 1261 Var-

163 1289 263 1337 anxius
279 1295 337 1338 erat
353 1289 489 1352 dubitans,
506 1290 533 1338 in
552 1304 681 1340 maxumo
702 1290 852 1350 gunterium,
867 1289 966 1338 multos
984 1296 1122 1352 praeterea
1141 1291 1165 1337 in
1184 1304 1216 1337 ea

163 1364 264 1414 scelere
281 1365 366 1414 tantis
387 1366 490 1415 civibus
507 1367 681 1428 deprehensis
703 1366 889 1415 coniuratione
912 1380 977 1414 esse.
1022 1365 1123 1414 Eadem
1145 1362 1246 1414 Galli2

163 1441 229 1503 quid
252 1441 326 1491 facto
353 1456 422 1504 opus
449 1450 537 1492 esset:
564 1457 679 1505 poenam
703 1442 866 1490 interiturae
883 1441 1029 1491 Lentulum
1047 1442 1217 1490 dissimulan-

163 1517 272 1568 lllorum
300 1518 351 1567 sibi
379 1519 463 1577 oneri,
488 1519 679 1581 impunitatem
703 1523 757 1566 tem
770 1524 920 1581 coarguunt
932 1524 1038 1581 praeter
1049 1518 1152 1567 litteras
1164 1532 1216 1567 ser-

162 1593 321 1656 perdundae
333 1595 371 1643 rei
386 1594 510 1656 publicae
523 1596 580 1645 iore
592 1597 681 1646 crede-
703 1594 836 1656 monibus,
855 1603 922 1657 quo's
940 1594 984 1643 ille
1008 1595 1104 1644 hahere
1122 1595 1216 1644 solitus

133 1671 219 1720 3bat.
256 1671 513 1734 Igiturconlirmato
530 1674 623 1722 animo
635 1688 680 1724 vo·
702 1676 771 1720 erat:
794 1686 827 1720 ex
851 1670 925 1720 libris
948 1671 1086 1732 Sibyllinis
1105 1685 1216 1733 regnum

163 1749 220 1798 cari
262 1747 296 1797 ad
332 1763 389 1798 sese
425 1749 499 1798 iubet
532 1749 680 1799 Lentulum
703 1747 804 1796 Romae
821 1749 907 1798 tribus
926 1748 1058 1798 Corneliis
1080 1749 1216 1809 portendi3

163 1825 316 1888 Cethegum
348 1825 488 1875 Statilium
522 1827 678 1887 Gabinium,
702 1824 820 1873 Cinnam
842 1831 923 1887 atque
950 1823 1051 1873 Sullam
1075 1831 1163 1884 antea,
1188 1839 1216 1872 se

163 1901 284 1963 itemque
311 1900 472 1964 Caeparium
506 1902 682 1952 Terracincn-
703 1903 812 1949 tertium
824 1915 890 1959 esse,
904 1901 946 1950 cui
962 1901 1049 1949 tatum
1062 1901 1131 1949 toret
1143 1901 1216 1950 urbis

163 1992 231 2039 sem,
260 1979 307 2040 qui
335 1979 363 2026 in
396 1979 525 2041 Apuliam
556 1979 589 2028 ad
618 1994 681 2030 con·
703 1977 796 2039 potiri;
816 1984 951 2039 praeterea
962 1978 996 2025 ab
1011 1977 1121 2025 incenso
1139 1977 1217 2038 Capi-

164 2054 277 2104 citanda
288 2055 398 2103 servitia
415 2055 546 2116 proficisci
558 2057 678 2118 parabat.
703 2052 769 2102 tolio
779 2052 855 2102 illum
868 2067 926 2102 esse
937 2054 1105 2114 vigesumum
1114 2067 1216 2101 anuum

132 2131 256 2182 tceteri
273 2131 331 2180 sine
348 2145 422 2181 mora
439 2132 561 2192 verriunt,
581 2131 681 2195 anpa·
702 2143 783 2191 quem
805 2144 884 2191 saepe
907 2143 939 2178 ex
968 2129 1095 2192 prodigiis
1124 2131 1217 2178 harus-

163 2210 231 2269 rius,
255 2208 337 2270 paulo
359 2213 423 2256 ante
445 2207 526 2258 domo
549 2222 679 2270 egressus,
703 2206 775 2267 pices
811 2205 1011 2267 respondissent
1047 2205 1117 2254 hello
1144 2205 1215 2253 civili

163 2286 276 2349 cognito
284 2285 385 2334 indicio
394 2299 428 2334 ex
438 2285 502 2334 urbe
514 2285 678 2348 profugerat.
702 2289 844 2332 cruentum
871 2283 936 2331 tore.
985 2283 1071 2344 lgitur
1094 2281 1246 2344 perlectis3

163 2360 268 2413 Consul
293 2361 449 2422 Lentulum,
474 2362 545 2424 quod
573 2372 681 2424 praetor·
704 2360 808 2413 litteris.
818 2373 879 2407 cum
894 2360 967 2421 prius
978 2373 1071 2408 omnes
1084 2359 1160 2421 sigua
1169 2372 1217 2407 sua

162 2447 232 2503 erat,
251 2443 308 2506 ipse
327 2456 412 2492 manu
431 2447 528 2493 tenens
547 2442 679 2505 perducit,
703 2438 900 2498 cognovissent,
911 2435 1156 2494 serratusdecemit‚
1167 2436 1214 2494 uti,

162 2520 283 2582 reliquos
299 2534 361 2569 cum
377 2519 534 2569 custodibus
547 2520 574 2568 in
587 2519 680 2568 aedem
703 2512 827 2562 abdicato
868 2513 1037 2574 inagistratu,
1085 2511 1217 2560 Lentulus

132 2595 148 2640 5
162 2595 332 2645 Concordiae
341 2596 432 2645 venire
443 2595 525 2645 iubet.
556 2595 682 2644 Eosena-
705 2590 821 2652 itemque
838 2590 918 2638 ceteri
938 2590 964 2637 in
983 2588 1072 2637 liberis
1089 2588 1217 2637 custodiis

163 2677 224 2722 tum
245 2671 360 2723 advocat
383 2685 535 2734 magnaque
558 2671 681 2733 frequen·
704 2667 861 2716 habeantur.
909 2665 1003 2728 ltaque
1032 2664 1162 2713 Lentulus
1186 2665 1246 2713 P.4

163 2750 203 2799 tia
224 2750 282 2799 eius
301 2749 403 2799 ordinis
425 2748 596 2798 Volturcium
619 2761 680 2796 cum
704 2743 822 2793 Lentulo
833 2743 980 2805 Spintheri,
993 2743 1037 2804 qui
1053 2749 1112 2790 tum
1123 2740 1217 2790 aedilis

163 2824 261 2888 legatis
284 2825 440 2886 introducit,
462 2824 588 2874 Flaccum
608 2837 682 2886 prae·
704 2828 777 2887 erat„
811 2820 946 2882 Cethegus
989 2818 1020 2878 Q.
1063 2817 1215 2874 Cornificio,

162 2909 252 2952 torem
269 2902 399 2952 scrinium
416 2915 477 2950 cum
497 2901 601 2956 litteris.
615 2914 682 2962 quas
703 2897 827 2947 Statilius
845 2897 875 2946 C.
890 2896 1007 2952 Caesari,
1028 2895 1159 2943 Gabinius
1178 2895 1214 2942 hl.

162 2979 287 3044 elegatis
304 2983 451 3042 acceperat,
465 2978 559 3027 eodem
577 2977 681 3025 arlierre
704 2974 809 3034 Crasso,
829 2973 975 3035 Caeparius
995 2971 1070 3031 (iram
1092 2973 1113 3020 is
1137 2971 1217 3032 paulo

164 3058 250 3108 iubet.
703 3056 767 3101 ante
783 3065 817 3099 ex
834 3051 900 3113 iuga
923 3054 1054 3097 retractus
1077 3049 1145 3108 erat)
1165 3048 1214 3097 Cu.

194 3132 242 3180 4⁷.
261 3130 420 3184 Volturcius
442 3130 623 3192 interrogatus
648 3129 680 3177 de
703 3128 831 3177 ‘l'erentio
843 3127 960 3176 senatori
974 3125 1126 3174 traduntur.
1267 3133 1270 3137 ’
