2678 4260
317 289 321 298 .
406 249 487 302 cnr.
511 251 599 313 sess,
624 252 637 313 a
660 249 747 304 n-n.
1109 238 1174 312 493

79 426 192 485 actum
220 441 290 486 esse
316 421 399 497 iure,
423 420 508 484 nihil
539 443 628 486 more
656 422 830 497 maiorum,
855 422 939 485 nihil
969 422 1121 508 legibus3

79 544 147 588 non
174 546 269 609 posse
302 546 508 609 quemquam
539 525 580 591 de
609 526 746 591 civitate
775 527 849 590 tolli
877 527 948 590 sine
976 526 1100 593 iudicio
1113 552 1121 603 ;

79 627 121 694 de
148 630 256 714 capite
288 651 356 692 non
388 629 487 693 medo
521 628 611 705 ferri,
645 630 705 694 sed
742 651 783 695 ne
815 630 954 695 iudicari
986 631 1123 715 quidem
1160 647 1175 697 5

78 754 174 816 posse
191 735 256 797 nisi
279 732 422 797 comitiis
447 735 667 809 centuriatis3
691 735 760 798 vim
785 732 890 799 fuisse
915 734 1018 810 illam,
1035 734 1124 799 flam-

80 859 166 900 mam
190 844 363 922 quassatae
386 838 434 901 rei
457 837 610 921 publicae
634 838 972 922 perturbatorumque
997 846 1120 923 tempo

78 963 154 1005 rum
163 964 172 1017 ;
196 943 267 1006 iure
293 941 499 1026 iudiciisque
530 941 682 1018 sublatis,
707 964 827 1029 magna
850 964 964 1007 rerum
991 965 1121 1027 permu-

31 1075 33 1079 >
78 1045 204 1109 tatione
220 1042 422 1129 inpendente
439 1043 624 1110 declinasse
641 1067 692 1111 me
704 1047 844 1130 paulum
855 1053 890 1112 et
901 1068 960 1130 spe
970 1048 1119 1133 reliquae

78 1149 335 1233 tranquillitatis
367 1150 551 1233 praesentis
579 1149 705 1214 fluctus
737 1157 1041 1236 tempestatemque
1073 1150 1125 1216 fu·
1148 1171 1177 1217 ιο

77 1252 176 1338 gisae.
223 1253 345 1331 Quare,
372 1274 448 1317 cum
470 1253 588 1319 absens
618 1275 688 1319 rem
719 1253 889 1338 publicam
916 1275 983 1318 non
1011 1255 1121 1321 minus

78 1357 208 1444 magnis
249 1356 408 1440 periculis
448 1379 550 1442 quarn
595 1357 741 1442 quodam
780 1367 928 1444 tempore
966 1380 1122 1443 praesens

78 1459 279 1538 liberassem,
311 1481 378 1524 non
408 1462 543 1525 restitui
574 1483 625 1526 me
656 1462 776 1538 solum,
800 1461 861 1528 sed
891 1463 992 1528 etiam
1015 1464 1124 1527 ornari

78 1586 99 1628 a
125 1572 247 1630 senatu
274 1564 401 1633 decere.
449 1566 648 1653 Disputavit
672 1567 773 1631 etiam
801 1567 908 1631 multa
930 1565 1124 1650 prudenter,

79 1670 127 1733 ita
158 1669 198 1734 de
229 1692 282 1734 me
320 1670 417 1737 illum
448 1670 715 1737 amentissimum
749 1678 784 1734 et
820 1669 1127 1756 profligatissimum
1150 1686 1179 1733 rt

78 1773 210 1839 hostem
237 1772 374 1859 pudoris
397 1781 432 1838 et
456 1773 638 1858 pudicitiae
666 1775 849 1859 scripsisse,
865 1795 951 1859 quae
978 1775 1124 1860 scripsis-

78 1885 142 1954 set,
159 1879 200 1942 iis
226 1877 347 1954 verbis,
365 1877 474 1954 rebus,
491 1879 678 1954 sententiis,
706 1885 755 1955 ut,
780 1879 912 1944 etiamsi
939 1880 1010 1943 iure
1038 1886 1127 1944 esset

79 1989 243 2068 rogatum,
268 1990 382 2046 tamen
407 1983 477 2046 vim
503 1981 622 2047 habere
647 2004 715 2046 non
749 1990 871 2068 posset.
919 1983 1031 2062 Quare
1060 2005 1122 2058 me,

80 2087 140 2170 qui
164 2086 258 2150 nulla
285 2085 359 2172 lege
387 2085 547 2162 abessem,
573 2106 639 2149 non
668 2087 803 2151 restitui
830 2088 913 2174 lege,
942 2086 1003 2152 sed
1034 2109 1125 2152 revo-

79 2190 146 2254 cari
175 2197 311 2254 senatus
341 2189 541 2254 auctoritate
568 2197 730 2274 oportere.
788 2190 890 2255 Hunc
923 2212 1020 2255 nemo
1051 2199 1122 2255 erat
1139 2189 1178 2252 ⁷4

80 2293 163 2378 quin
189 2293 360 2358 verissime
386 2294 511 2358 sentire
538 2293 674 2359 diceret.
729 2293 795 2359 Sed
825 2301 903 2380 post
933 2316 1010 2359 eum
1037 2316 1128 2382 roga·
1150 2311 1179 2358 21

79 2405 135 2463 tus
166 2397 229 2462 Cn.
253 2398 434 2482 Pompeius
460 2396 641 2482 adprobata
673 2397 875 2484 laudataque
908 2397 1028 2463 Cottae
1056 2419 1128 2464 sen·

111 2618 173 2667 3-9.
195 2618 261 2667 iure
273 2654 278 2666 .
291 2654 296 2666 .
309 2654 315 2666 .
326 2617 454 2679 legibus,
474 2618 589 2682 ‘equity,
616 2618 703 2676 sisse,
713 2619 741 2669 in
753 2621 796 2670 his
808 2619 867 2670 law.
902 2619 1015 2676 verbis,
1027 2620 1129 2678 rebus,

78 2697 126 2744 the
140 2694 328 2756 constitution,
342 2695 388 2743 the
403 2694 487 2744 lewe)
528 2708 592 2744 non
615 2697 787 2755 sententiis,
811 2696 924 2758 ‘worda
948 2696 1127 2759 expressions,

78 2771 176 2822 modo
193 2807 199 2819 .
217 2807 223 2820 .
241 2806 246 2819 .
264 2773 328 2830 sed,
348 2777 398 2823 etc.
414 2785 420 2822 :
437 2771 551 2830 enisu
566 2772 589 2825 l.
616 2771 708 2836 ideas,’
732 2773 767 2822 all
796 2771 953 2836 explaining
975 2774 1017 2823 ilc
1044 2771 1061 2822 l.
1089 2773 1127 2823 15.

77 2848 158 2906 ferri,
197 2848 336 2907 iudicari,
369 2848 436 2900 ‘law
469 2850 503 2899 be
532 2864 592 2914 pro·
616 2849 681 2899 iure
709 2852 857 2912 rogatum,
881 2850 935 2910 i.e.,
964 2849 1055 2899 before
1082 2848 1130 2898 the

79 2923 180 2988 posed,’
197 2923 276 2974 ‘trial
294 2925 328 2975 be
347 2925 410 2975 held
423 2925 446 2975 ε’
466 2926 528 2976 how
547 2939 592 2975 are
616 2938 713 2987 proper
734 2923 866 2986 assembly
883 2924 937 2973 and
954 2923 1024 2973 after
1041 2937 1057 2973 a
1074 2937 1130 2987 reg-

79 3003 126 3052 the
148 3001 227 3050 verbs
247 3002 336 3053 used?
373 3001 435 3051 nisi
455 3001 592 3051 comitiis
617 3001 676 3051 ular
703 3001 772 3052 trial.
807 3001 872 3050 vim
895 3000 1018 3058 habere,
1044 3000 1130 3055 ‘have

79 3078 277 3130 centuriatis:
307 3079 337 3128 in
361 3078 435 3129 what
460 3078 593 3143 assembly
617 3092 653 3128 no
665 3077 778 3141 binding
789 3077 880 3138 force?
892 3077 1005 3140 i.e.,tbe
1016 3076 1068 3127 law
1076 3090 1130 3126 was

79 3169 134 3205 was
167 3154 215 3205 the
250 3154 364 3205 Clodian
403 3155 454 3206 law
487 3155 593 3220 against
618 3153 754 3216 iniornral,
762 3155 816 3204 and
825 3155 958 3204 defective
966 3154 994 3203 in
1004 3154 1039 3203 its
1047 3151 1131 3203 word·

80 3232 174 3282 Cicero
196 3231 317 3295 passed?
349 3243 451 3281 rerum
474 3243 594 3293 permu·
618 3232 673 3294 lug,
688 3230 741 3280 and
758 3231 838 3294 being
855 3230 988 3279 therefore
1005 3230 1066 3280 void
1084 3228 1130 3278 did

79 3307 208 3368 tatione,
224 3306 418 3357 ‘revolutiom’
433 3307 462 3357 in
474 3307 528 3356 this
540 3307 593 3356 and
618 3306 819 3357 notneedtobe
831 3305 961 3369 repealed.
997 3304 1131 3354 auctori·

79 3398 161 3447 many
168 3383 272 3434 similar
278 3385 389 3447 phrases
398 3398 488 3433 rerum
497 3382 593 3432 should
618 3384 690 3440 tate,
704 3383 754 3445 ‘by
765 3384 811 3433 the
823 3397 895 3431 mere
907 3381 1048 3444 pleasnre'

80 3466 129 3510 not
140 3461 173 3511 be
184 3461 341 3510 translated.
376 3459 521 3521 reliquae,
534 3458 595 3509 ‘for
650 3458 714 3520 §it
734 3459 779 3517 21,
791 3458 836 3506 22.
855 3456 930 3519 quin
941 3493 947 3504 .
960 3492 965 3504 .
977 3493 983 3505 .
996 3456 1129 3506 diceret:

79 3536 127 3586 the
138 3536 249 3587 future?
618 3534 727 3598 explain
741 3535 888 3584 thernood.
924 3532 1086 3598 verissime
1102 3556 1127 3581 =

112 3612 213 3662 12-20.
245 3613 383 3674 quodam
410 3614 551 3675 tempore
566 3635 591 3661 =
618 3612 774 3661 rectissime.
809 3610 983 3672 adprobata
999 3645 1006 3657 .
1023 3645 1028 3657 .
1046 3621 1131 3658 sen·

80 3689 226 3753 quondam,
245 3689 300 3750 i.e.,
321 3688 350 3738 in
369 3687 412 3738 liis
427 3688 591 3751 consulship.
618 3688 732 3737 tentia:
751 3686 831 3737 What
850 3689 923 3737 force
942 3687 992 3735 has
1013 3685 1068 3735 this
1085 3683 1127 3736 ab.

80 3765 276 3830 Disputavit:
294 3778 338 3816 see
347 3763 438 3827 0n§3.
448 3763 472 3815 4.
498 3763 595 3827 scrip-
618 3764 700 3815 abs.?
