2678 4260
352 245 406 302 ΕΡ.
431 243 495 308 111..
519 244 534 312 t
558 251 599 313 183
630 244 692 313 m,
717 243 808 311 §1-2.
1092 233 1155 306 375

60 444 212 489 meorum
228 442 417 487 sermonum
434 429 467 486 et
483 422 698 486 consiliorum
721 424 887 508 particeps
911 445 982 489 esse
1006 426 1102 501 soles,

60 527 199 591 ubinam
216 526 275 591 es?
297 527 345 589 ita
360 547 434 589 sum
457 526 498 590 ab
521 526 675 590 omnibus
699 527 894 604 destitutus,
912 537 951 591 ut
973 535 1105 593 tanturn
1130 546 1157 590 10

60 631 221 715 requietis
252 629 400 706 habeam,
434 637 598 714 quantum
630 652 706 695 curn
737 652 841 695 uxore
872 638 907 696 et
937 633 1040 696 filiola
1070 641 1106 699 et

60 735 190 799 mellito
221 733 383 799 Cicerone
414 735 640 799 consumitur:
680 756 757 798 nam
794 735 872 800 illae
910 736 1103 802 ambitiosae

60 847 193 903 nostrae
210 837 413 923 fucosaeque
429 838 595 904 amicitiae
611 840 743 904 suntin
760 838 903 924 quodam
927 840 1102 925 splendore

61 941 196 1020 forensi,
221 941 371 1007 fructum
389 943 608 1007 domesticum
631 964 698 1006 non
720 941 862 1018 habent3
886 945 1009 1029 itaque,
1027 967 1102 1010 curn

61 1046 145 1111 bene
179 1047 344 1132 completa
371 1046 490 1111 domus
518 1054 569 1112 est
591 1056 739 1132 tempore
763 1048 939 1124 matutino,
963 1042 1040 1113 cuni
1063 1049 1105 1113 ad
1129 1067 1156 1110 15

61 1148 172 1213 lorum
190 1151 306 1235 stipati
329 1149 486 1237 gregibus
505 1152 685 1216 amicornm
705 1142 951 1228 descendimus,
960 1155 1103 1237 reperire

61 1276 104 1318 ex
128 1276 248 1341 magna
263 1253 362 1319 turba
377 1256 544 1320 neminem
561 1277 749 1340 possumus,
766 1277 913 1341 quocum
928 1265 987 1321 aut
1003 1258 1103 1322 iocari

61 1358 163 1423 libere
190 1368 249 1423 aut
275 1360 441 1443 suspirare
463 1357 681 1436 familiariter
703 1360 878 1445 possimus.
926 1353 1038 1440 Quare
1071 1369 1104 1426 te

60 1471 303 1548 exspectamus,
320 1471 353 1528 te
370 1462 608 1540 desideramus,
626 1471 658 1527 te
676 1466 740 1526 iam
764 1465 864 1528 etiarn
888 1467 1103 1542 arcessimus3

61 1569 169 1632 multa
187 1575 268 1632 sunt
291 1569 389 1644 enim,
406 1589 493 1652 quae
514 1589 565 1632 me
589 1568 772 1632 sollicitant
795 1577 1002 1655 anguntque,
1019 1592 1104 1655 quae
1128 1591 1158 1635 20

61 1672 142 1736 mihi
159 1671 275 1738 videor
289 1665 385 1736 aures
410 1681 529 1736 nactus
554 1663 630 1736 tuas
656 1673 756 1736 unius
783 1673 1017 1738 ambulationis
1040 1696 1105 1738 ser-

60 1798 158 1841 mone
174 1777 349 1841 exhaurire
366 1797 472 1860 posse.
518 1776 571 1840 Ac
588 1775 844 1841 domesticarum
862 1776 998 1861 quidem
1017 1779 1106 1843 solli·
1127 1778 1147 1839 2

60 1880 251 1945 citudinum
266 1881 398 1945 aculeos
416 1902 529 1946 omnes
545 1888 581 1945 et
595 1881 770 1964 scrupulos
793 1881 978 1958 occultabo,
994 1904 1103 1966 neque

60 2007 123 2071 ego
139 1985 217 2048 huic
233 1985 393 2069 epistolae
416 1992 517 2069 atque
541 1986 657 2071 ignoto
680 1984 854 2049 tabellario
877 1987 1103 2062 committam

60 2097 162 2173 atque
189 2087 366 2152 hi-nolo
393 2090 483 2153 enim
513 2096 546 2154 te
575 2089 891 2174 permoveri-non
923 2097 1004 2154 sunt
1034 2112 1106 2175 per·
1127 2112 1158 2156 25

60 2193 203 2269 molesti,
219 2191 278 2256 sed
294 2197 406 2257 tamen
422 2191 570 2257 insident
585 2200 620 2257 et
635 2200 759 2279 urgent
774 2200 809 2257 et
821 2193 948 2257 nullius
964 2196 1105 2260 amantis

60 2297 200 2362 consilio
222 2304 283 2361 aut
304 2317 455 2361 sermone
479 2297 711 2381 requiescunt:
737 2297 773 2360 in
796 2318 830 2360 re
856 2296 993 2381 publica
1016 2320 1104 2374 vero,

61 2421 265 2485 quamquam
280 2401 410 2465 animus
433 2407 485 2467 est
507 2421 676 2486 praesens
694 2407 805 2466 tamen
822 2401 980 2466 voluntas
1004 2405 1104 2466 etiarn

60 2513 163 2591 atque
179 2506 280 2570 etiam
297 2505 369 2590 ipsa
384 2527 436 2571 me
460 2505 593 2582 deficit3
616 2526 704 2582 uam,
722 2513 761 2577 ut
784 2527 823 2570 ea
846 2505 1002 2582 breviter,
1019 2528 1104 2591 quae

92 2713 193 2762 11-15.
230 2725 337 2772 uxore,
371 2713 474 2772 filiola,
509 2719 574 2764 etc:
598 2713 671 2764 word
688 2713 731 2764 for
747 2713 830 2776 going
852 2718 881 2762 to
897 2712 944 2761 the
961 2711 1060 2774 forum,
1078 2726 1108 2762 as

61 2802 106 2837 see
138 2802 175 2837 cn
208 2788 260 2839 IV.
297 2788 323 2837 3.
353 2789 392 2850 14,
417 2789 455 2838 15.
502 2788 575 2838 mel·
597 2791 645 2839 the
664 2790 758 2840 homes
776 2789 805 2839 of
828 2789 875 2838 the
893 2788 990 2851 higlrcr
1011 2788 1108 2838 classes

60 2864 126 2921 lito,
143 2864 285 2927 ‘darling.’
319 2877 391 2913 nam
410 2865 489 2921 illae,
511 2870 573 2925 etc,
599 2880 666 2915 were
697 2880 732 2916 on
758 2867 805 2915 the
832 2865 1015 2928 surrounding
1045 2865 1109 2915 hilis

63 2940 122 2989 ‘for
132 2941 208 2990 these
220 2941 340 3004 political
358 2941 411 2990 and
428 2940 574 3003 pretended
597 2939 634 3003 (p.
644 2941 707 3003 3l,§
719 2940 771 3003 50).
785 2940 895 2989 unlus.
912 2976 917 2988 .
935 2976 941 2988 .
958 2952 1108 2998 sermone,

61 3016 227 3079 friendslrips
244 3016 314 3066 have
331 3031 348 3066 a
365 3017 467 3066 certain
483 3015 575 3079 public
599 3017 681 3067 ‘with
704 3019 750 3067 the
772 3017 831 3066 talk
853 3018 883 3066 of
902 3031 918 3066 a
937 3017 1024 3080 single
1044 3024 1108 3067 turn
1132 3039 1135 3044 ·

62 3092 173 3154 glitter.'
209 3092 374 3154 completa,
392 3099 458 3143 etc:
477 3106 521 3142 see
538 3106 574 3144 cn
597 3093 625 3142 in
642 3093 689 3143 the
700 3108 770 3157 open
783 3093 841 3143 air!

63 3170 86 3218 1.
100 3169 146 3217 10.
155 3171 196 3219 28.
629 3170 678 3231 §2-
692 3169 792 3219 22-29.
811 3169 875 3217 Ac:
893 3183 936 3219 see
949 3183 985 3218 on
1002 3170 1068 3220 Sull.
1082 3168 1108 3218 3.

95 3245 195 3294 16-21.
213 3246 323 3308 stipati
340 3282 345 3294 .
363 3282 369 3295 .
386 3281 392 3294 .
410 3245 573 3295 descendi·
595 3246 635 3296 30.
671 3245 812 3294 aculeos:
829 3257 873 3294 see
884 3259 919 3294 on
932 3244 997 3294 Sull.
1008 3244 1054 3292 47.
1066 3245 1106 3294 22.

64 3334 148 3371 mus:
175 3336 257 3385 many
274 3322 304 3372 of
324 3323 404 3373 those
427 3322 488 3372 who
511 3322 573 3385 pald
596 3321 768 3383 scrupulos,
786 3320 863 3371 small
883 3321 994 3384 pointed
1017 3327 1109 3369 stones

63 3400 135 3448 their
146 3404 264 3461 respeets
275 3405 304 3448 tc
318 3404 394 3462 great
407 3412 470 3447 men
484 3399 512 3448 in
528 3399 575 3449 the
596 3399 658 3448 that
669 3398 808 3461 miglrtget
818 3399 876 3447 into
885 3397 932 3447 the
941 3398 1015 3447 slrce.
1050 3397 1109 3446 The

64 3476 189 3538 morning
197 3474 294 3538 (seeon
302 3476 325 3525 1.
333 3475 379 3524 10.
387 3476 430 3536 28)
438 3476 574 3525 remained
597 3481 652 3524 two
674 3475 760 3524 words
783 3488 827 3524 are
853 3474 917 3524 used
947 3474 1110 3535 metaphori-

65 3557 94 3601 to
105 3557 194 3601 escort
208 3552 282 3601 them
294 3557 324 3601 to
341 3552 387 3600 the
410 3552 508 3613 forurn,
521 3551 575 3601 and
597 3551 667 3614 cally
700 3551 729 3600 oi
757 3551 891 3614 anything
924 3551 985 3599 that
1016 3563 1110 3599 causes

65 3642 133 3678 even
165 3627 358 3690 accompanled
389 3629 464 3677 them
494 3628 576 3677 home
598 3642 684 3689 worry
706 3641 737 3677 or
765 3627 930 3676 uncaslness.
976 3629 1012 3673 ut
1038 3660 1044 3673 .
1072 3660 1077 3673 .
1103 3661 1109 3673 .

66 3705 145 3754 when
161 3704 209 3753 the
220 3704 309 3754 duties
324 3704 354 3754 of
375 3704 423 3754 the
439 3704 491 3768 day
507 3717 576 3754 were
599 3701 750 3763 colligam,
775 3700 922 3762 ‘although
951 3701 964 3750 Ι
993 3706 1042 3763 put
1069 3706 1111 3750 to·

67 3794 137 3833 over.
190 3780 360 3844 descendere,
392 3780 440 3832 the
471 3779 576 3844 regular
598 3778 693 3845 gether
709 3775 829 3843 brisfly:’
850 3778 940 3830 for-ut
956 3777 1132 3832 concessive-
