2678 4260
168 253 233 319 468
522 266 594 317 rao
616 267 648 316 Ρ.
672 266 800 318 snsrro
822 266 971 321 omno.

220 446 364 512 salutem
392 465 542 509 meorum
568 444 704 521 civium,
722 466 807 529 qnae
834 445 917 509 mihi
943 467 1075 531 semper
1100 445 1169 512 fuit
1196 470 1273 514 mea

221 551 328 616 carior
342 550 424 626 vita,
440 548 692 614 dimicationem
715 548 919 633 caedemque
935 548 1074 637 fugisse.
1095 623 1096 626 Ἴ
1120 551 1271 630 Etenim,

220 654 248 719 si
264 653 347 717 mihi
361 653 397 717 in
413 653 527 737 aliqua
542 673 627 717 nave
650 674 728 717 cum
751 654 834 717 meis
858 654 973 718 amicis
997 655 1172 742 naviganti
1195 656 1271 734 hcc,

220 757 358 834 iudices,
375 756 562 833 accidisset,
580 763 620 820 ut
642 758 742 821 multi
766 779 808 822 ex
835 757 952 822 multis
979 758 1061 824 iocis
1083 760 1272 845 praedones

169 879 198 924 10
219 861 381 928 classibus
397 882 470 926 eam
493 882 612 926 navem
637 883 672 926 se
696 882 915 946 oppressuros
940 863 1187 942 minitarentur,
1204 867 1271 930 nisi

220 988 272 1031 me
299 987 405 1030 unum
432 965 497 1029 sibi
524 964 741 1042 dedidissent,
757 966 787 1031 si
810 965 846 1029 id
869 973 1021 1032 vectores
1044 977 1210 1054 negarent
1231 992 1271 1034 ac

221 1092 352 1135 mecum
367 1070 470 1135 simul
493 1070 630 1134 interire
647 1092 747 1153 quam
772 1092 825 1135 me
854 1071 983 1136 tradere
1010 1072 1165 1138 hostibus
1192 1076 1273 1138 mal-

220 1175 302 1250 lent,
319 1175 470 1239 iecissem
486 1174 557 1258 ipse
574 1196 626 1238 me
646 1175 759 1258 potius
782 1175 819 1238 in
842 1174 1060 1259 profundum,
1077 1184 1118 1240 ut
1140 1186 1271 1244 ceteros

222 1299 462 1354 conservarem,
480 1299 580 1363 quam
598 1279 675 1342 illos
690 1280 757 1343 mei
773 1286 842 1344 tam
859 1279 999 1364 cupidos
1022 1302 1091 1345 non
1111 1282 1271 1347 modoad

168 1400 196 1445 15
218 1390 343 1449 certam
359 1390 511 1459 mortem,
523 1382 583 1448 scd
599 1384 634 1446 in
650 1404 811 1469 magnum
824 1384 915 1449 vitae
932 1383 1112 1450 discrimen
1128 1386 1272 1453 adduce-

167 1489 298 1554 46rem.
345 1487 431 1551 Cum
456 1508 535 1552 vero
558 1487 593 1550 in
616 1487 703 1551 hanc
729 1489 778 1552 rei
808 1488 962 1572 publicae
992 1510 1114 1554 navem
1145 1493 1270 1576 ereptis

219 1593 352 1657 senatui
379 1591 616 1677 gubernaculis
643 1589 833 1656 fluitantem
856 1592 892 1654 in
913 1591 983 1656 alto
1011 1595 1270 1678 tempestatibus

219 1694 425 1761 seditionum
440 1716 478 1760 ac
494 1693 736 1759 discordiarum
751 1703 898 1761 armatae
914 1703 966 1760 tot
981 1697 1113 1774 classes,
1126 1697 1191 1762 nisi
1207 1719 1271 1785 ego

220 1822 327 1865 essem
354 1821 441 1864 unus
468 1799 614 1875 deditus,
638 1800 833 1864 incursurae
862 1799 1069 1877 viderentur,
1093 1822 1171 1866 cum
1197 1825 1272 1887 pro-

166 1904 364 1989 toscriptio,
389 1903 516 1979 caedes,
542 1903 686 1988 direptio
718 1903 985 1981 denuntiaretur,
1019 1926 1096 1969 cum
1126 1905 1185 1969 alii
1215 1929 1269 1972 me

218 2009 408 2093 suspicione
424 2008 566 2092 periculi
582 2008 635 2072 sui
651 2029 719 2071 non
735 2006 968 2085 defenderent,
985 2009 1044 2072 alii
1060 2016 1174 2073 vetere
1191 2009 1270 2074 odio

221 2113 385 2177 bonorum
410 2113 640 2187 incitarentur,
658 2111 716 2174 alii
745 2110 947 2187 inviderent,
964 2112 1022 2175 alii
1048 2111 1179 2176 obstare
1205 2114 1270 2178 sibi

219 2239 271 2282 me
298 2217 548 2291 arbitrarentur,
577 2215 634 2278 alii
662 2215 781 2279 ulcisci
812 2215 962 2280 dolorem
988 2216 1137 2300 aliquem
1167 2238 1268 2280 suum

219 2322 356 2398 vellent,
373 2321 430 2384 alii
446 2341 516 2384 rem
539 2320 645 2403 ipsam
669 2318 838 2402 publicam
860 2326 963 2403 atque
987 2318 1077 2384 hunc
1105 2319 1269 2384 bonorum

248 2569 273 2619 9.
308 2568 492 2618 accidisset:
526 2567 600 2617 what
633 2566 656 2616 is
683 2566 731 2615 the
789 2566 855 2628 546.
873 2565 976 2615 17-19.
993 2567 1130 2615 senatui:
1147 2567 1192 2616 for
1208 2583 1270 2620 case

216 2645 294 2696 usual
306 2660 383 2696 sense
394 2645 424 2694 oi
435 2645 491 2694 this
503 2643 600 2694 word?
633 2643 683 2693 See
694 2656 730 2692 on
755 2644 790 2694 ci.
804 2643 942 2693 audaciae
953 2643 1007 2692 111.
1017 2643 1063 2691 22.
1083 2644 1122 2693 29.
1158 2644 1270 2705 gnber-
1308 2676 1313 2692 .

216 2723 239 2773 I.
252 2723 298 2772 16.
310 2724 333 2772 6.
754 2719 889 2768 naoulie:
918 2733 1017 2769 aeeon
1042 2719 1055 2780 ,t
1078 2721 1118 2769 20.
1143 2722 1166 2769 2.
1202 2721 1270 2770 flui-

247 2799 293 2848 11.
311 2797 522 2848 dedidissent:
542 2811 607 2847 sca
624 2796 730 2858 subject
753 2799 874 2845 tantem
891 2795 1143 2858 tempestatibus,
1162 2795 1268 2849 ‘tossed

216 2876 286 2924 from
309 2874 325 2923 i.
346 2873 382 2935 83
409 2873 452 2922 ior
474 2872 553 2921 mood
577 2871 630 2920 and
653 2877 729 2921 tense
753 2873 836 2922 about
848 2873 938 2935 hythe
950 2873 1074 2922 stormsz’
1094 2874 1140 2922 the
1152 2873 1267 2925 intrans.

216 2952 251 3002 cf.
271 2963 448 3012 superassem,
468 2949 533 3010 §3u
555 2948 592 3000 17.
628 2947 662 3005 si,
682 2947 728 2996 ‘in
753 2950 847 3011 partic.
870 2950 920 2998 has
944 2949 1008 2998 here
1026 2963 1042 2998 a
1065 2949 1172 3011 passive
1190 2965 1269 3002 sense

216 3042 277 3077 case
292 3026 371 3086 that,’
385 3040 416 3074 or
433 3026 479 3074 the
496 3024 594 3074 second
613 3024 728 3087 protasis
752 3026 806 3075 and
823 3040 853 3076 so
870 3025 969 3075 admits
986 3039 1022 3074 an
1039 3024 1092 3074 abl.
1111 3025 1141 3074 cf
1159 3040 1268 3078 means:

216 3118 278 3166 may
297 3103 329 3152 be
347 3102 496 3151 connected
516 3101 584 3150 with
603 3101 650 3149 the
671 3100 728 3149 first
752 3102 795 3151 ior
810 3103 939 3165 meaning
956 3102 985 3151 oi
1006 3104 1153 3162 tempestas
1169 3117 1215 3153 see
1231 3118 1267 3154 cn

216 3181 251 3243 by
275 3178 362 3228 ‘and'
397 3180 552 3234 vectores,
583 3175 645 3225 ‘the
669 3190 729 3238 pas·
752 3179 801 3241 Ep.
816 3178 896 3230 XIV.
907 3178 934 3226 ⁵.
946 3179 985 3229 46.
1020 3178 1267 3234 armatae‚‘fiiled

216 3255 342 3318 sengers‚'
357 3268 443 3304 arare
458 3250 586 3316 (passive)
599 3254 728 3316 meaning
752 3256 819 3305 with
834 3255 926 3304 armed
941 3254 1023 3304 men!
1059 3267 1163 3305 essem
1180 3256 1268 3307 dedi·

216 3333 245 3381 oi
256 3333 304 3381 the
312 3330 385 3380 word
397 3329 485 3380 which
494 3329 516 3378 is
528 3328 633 3391 usually
642 3330 729 3378 active
752 3335 817 3380 tus:
834 3332 877 3381 ior
888 3333 968 3381 mood
981 3331 1034 3381 and
1053 3338 1130 3383 tense
1141 3333 1176 3383 ci.
1191 3335 1268 3385 dedi-

158 3426 160 3430 ·
217 3408 245 3457 in
268 3421 352 3457 sense.
752 3408 939 3469 dissertum.
950 3410 988 3458 11.

248 3483 294 3540 14,
310 3482 356 3530 15.
380 3493 443 3530 non
466 3480 561 3530 modo
582 3517 587 3529 .
608 3516 614 3529 .
632 3516 638 3529 .
656 3479 728 3530 aed:
783 3482 828 3531 20.
851 3481 1101 3531 denuntiaretur:
1132 3484 1196 3534 read
1219 3486 1267 3535 the

216 3558 334 3608 formula
351 3557 438 3606 here?
471 3556 727 3619 ef.Su11.76.19;
751 3564 829 3609 notes
858 3573 893 3608 on
926 3559 992 3609 Suli.
1016 3559 1062 3607 44.
1090 3561 1134 3622 223
1156 3559 1203 3609 19.
1223 3563 1265 3624 23,

216 3635 262 3682 54.
285 3636 329 3695 203
357 3634 409 3682 and
438 3639 560 3682 contrast
585 3634 598 3694 §
622 3634 661 3682 38.
686 3634 724 3682 31.
752 3635 806 3684 and
828 3635 938 3697 explain
961 3637 1008 3684 the
1032 3637 1147 3686 number
1168 3637 1199 3687 oi
1218 3639 1267 3689 the

216 3709 419 3759 adducerem:
437 3709 572 3759 formood
584 3722 675 3759 aeeon
689 3708 725 3758 ΙΙ.
752 3711 816 3760 verb
850 3711 916 3761 with
951 3711 1053 3762 several
1088 3712 1208 3783 subjecte
1235 3715 1266 3774 ip

216 3785 281 3846 34.
753 3787 855 3847 Cicero,
