2678 4260
180 273 244 341 362
539 282 746 341 nersronln
769 280 965 341 sensoria.

233 467 423 538 Curionem,
442 463 476 524 in
502 469 607 525 totam
631 462 721 525 illam
747 484 882 536 manum
904 459 987 525 fecii
1012 459 1180 546 quomodo
1203 480 1278 526 sum

232 575 413 635 insectatus
425 567 595 630 levitatem
609 587 736 642 senum,
751 565 924 630 libidinem
936 564 1143 632 iuventutis!
1167 587 1276 650 saepe,

180 693 206 736 15
230 677 275 739 ita
292 695 342 736 me
366 671 400 733 di
425 668 563 734 iuvent!
588 677 620 733 te
648 691 714 732 non
737 670 846 733 solum
868 677 1038 734 auctorem
1061 670 1277 734 consiliorum

231 799 388 852 meorum,
417 796 532 839 verum
564 775 665 838 etiarn
695 782 918 859 spectatorem
948 795 1138 862 pugnarum
1167 773 1278 836 mirifi-

189 888 209 950 2
231 903 344 948 carum
372 878 569 943 desideravi.
616 878 738 943 Postea
764 901 842 943 vero
869 901 970 964 quarn
998 879 1200 944 Hortensius
1223 900 1277 943 ex·

230 986 402 1074 cogitavit,
427 992 466 1047 ut
489 984 598 1070 legem
629 983 670 1048 de
702 984 863 1070 religione
899 984 1016 1048 Fufius
1046 983 1203 1048 tribunus
1230 982 1275 1068 pl.

232 1091 344 1166 ferret,
362 1091 396 1152 in
413 1109 479 1172 qua
495 1087 580 1150 nihil
597 1086 689 1151 aliud
704 1110 723 1152 a
736 1089 902 1153 consulari
915 1089 1087 1176 rogatione
1100 1085 1276 1152 differebat

178 1213 206 1260 20
228 1198 294 1261 nisi
326 1193 475 1258 iudicum
515 1195 720 1279 genus—in
752 1216 790 1257 eo
825 1202 937 1259 autem
972 1201 1069 1258 erant
1102 1192 1274 1268 omnia—,

231 1300 473 1388 pugnavitque,
499 1306 539 1361 ut
573 1299 620 1361 ita
644 1298 746 1374 fieret,
771 1297 862 1382 quod
893 1306 928 1363 et
957 1298 1020 1363 sibi
1044 1305 1079 1362 et
1101 1296 1175 1360 aliis
1207 1318 1276 1382 per·

230 1411 379 1470 suaserat
396 1402 497 1465 nullis
516 1402 611 1464 illum
630 1401 796 1466 iudicibus
815 1401 965 1490 effugere
992 1424 1098 1488 posse,
1123 1400 1275 1465 contraxi

230 1511 304 1576 vela
320 1507 524 1593 perspiciens
542 1507 688 1592 inopiam
705 1505 853 1571 iudicum
869 1529 978 1592 neque
996 1507 1067 1571 dixi
1091 1504 1275 1591 quidquam

230 1636 289 1700 pro
313 1612 516 1687 testimonia
540 1611 602 1674 nisi
630 1611 722 1695 quod
746 1619 816 1675 erat
839 1613 886 1676 ita
910 1621 1029 1677 notum
1051 1619 1153 1695 atque
1178 1618 1276 1674 testa·

177 1736 206 1781 au
229 1729 311 1795 tum,
344 1726 382 1780 ut
414 1737 479 1778 non
512 1737 642 1799 possem
673 1717 861 1800 praeterire.
920 1717 1051 1801 Itaque,
1083 1715 1111 1779 si
1142 1735 1275 1778 causam

230 1823 361 1906 quaeris
392 1818 619 1894 absolutionis,
644 1826 683 1882 ut
713 1819 778 1881 iam
794 1823 862 1895 πρὸς
893 1824 921 1876 τὸ
954 1823 1087 1896 πρότερον
1117 1824 1274 1894 revertar,

230 1933 360 2013 egestas
399 1921 547 1986 iudicum
589 1921 656 1986 fuit
693 1930 728 1987 et
766 1918 961 2006 turpitudo;
1002 1919 1037 1984 id
1078 1929 1192 1987 autem
1238 1930 1274 1988 ui

230 2028 406 2104 accideret,
453 2027 666 2090 commissum
707 2034 759 2091 est
799 2025 973 2089 Hortensii
1014 2026 1164 2104 consilio,
1207 2028 1273 2112 qui,

1078 2158 1272 2171 -———.

227 2231 311 2269 nem:
330 2219 367 2267 M.
383 2218 484 2280 Pupius
503 2217 565 2266 l'iso
583 2216 740 2280 Calpurnia-
764 2215 819 2278 (see
831 2217 896 2266 axe.
911 2214 983 2274 11.§§
996 2218 1074 2268 band
1086 2218 1122 2282 8).
1159 2219 1226 2270 This
1238 2235 1271 2270 re

228 2311 288 2358 uus,
302 2310 363 2346 now
380 2294 474 2345 consul
487 2295 552 2343 with
567 2295 603 2344 Μ.
616 2294 740 2345 Valerius
763 2294 851 2344 sultcd
864 2295 892 2342 in
904 2307 920 2342 a
933 2294 1035 2356 packed
1050 2296 1119 2359 jury.
1155 2297 1195 2347 de
1207 2298 1270 2348 reli-

229 2374 352 2434 Messala,
372 2373 426 2422 had
449 2372 517 2421 been
541 2371 658 2421 Clodius’
679 2386 740 2434 sup·
763 2371 866 2432 gione:
884 2384 920 2420 sc.
947 2371 1058 2422 violato.
1094 2373 1208 2432 Fufius,
1227 2375 1270 2424 Ca·

229 2456 319 2514 porter
329 2451 355 2499 in
366 2450 401 2498 all
410 2450 455 2498 the
466 2449 639 2511 proceedings
649 2449 740 2497 bciore
764 2449 847 2497 lenus.
882 2446 1026 2496 tribunus
1043 2448 1096 2510 ph:
1127 2465 1171 2500 see
1189 2465 1214 2513 p.
1233 2452 1272 2512 66,

229 2529 276 2578 the
293 2535 393 2579 senate.
764 2527 892 2588 §§61-63.
927 2527 960 2576 in
972 2540 1010 2577 eo
1027 2563 1033 2576 .
1050 2564 1056 2576 .
1073 2564 1079 2576 .
1097 2529 1271 2587 omnia‘ou

261 2604 362 2654 13-16.
400 2605 577 2656 Curionem:
612 2607 641 2656 0.
672 2607 741 2658 Scri·
763 2605 823 2652 that
834 2604 973 2667 depended
988 2606 1166 2669 everything.’
1201 2619 1273 2668 pug-

229 2681 326 2732 bonius
349 2682 439 2745 Curio,
464 2684 557 2733 consul
581 2685 608 2733 in
632 2685 672 2745 76,
697 2685 740 2733 de·
762 2679 1143 2744 navia‘carriedhrspoine’
1178 2682 1272 2732 nullis

229 2757 327 2808 fended
340 2757 451 2808 Clodius
469 2760 496 2808 in
513 2765 598 2810 court.
634 2763 740 2808 aucto·
763 2793 813 2805 ...
831 2770 932 2820 posse.
957 2757 1033 2807 ‘that
1056 2758 1166 2810 Clodius
1194 2758 1272 2809 could

229 2846 300 2891 rem,
318 2838 542 2896 spectatorem:
563 2836 694 2886 translate
711 2851 740 2886 as
764 2840 811 2890 not
838 2849 941 2898 escape,
967 2836 1090 2885 rvlroever
1112 2836 1159 2885 the
1181 2836 1275 2898 judges

230 2911 370 2974 suggested
382 2899 452 2962 Mur.
468 2912 492 2960 7.
505 2914 544 2962 29.
763 2911 850 2973 might
872 2911 922 2960 be.’
958 2911 1123 2969 iudicibus,
1150 2912 1192 2962 ab.
1217 2912 1272 2962 abs.

263 2989 307 3050 52.
317 2988 417 3037 17-22.
432 2989 617 3047 desideravi,
628 2989 740 3052 ‘longed
762 2988 869 3037 nullis:
885 2994 1000 3039 connect
1012 2989 1059 3039 the
1073 2990 1198 3054 negative
1210 2990 1275 3040 with

231 3064 299 3115 for:’
320 3066 354 3114 ci.
377 3066 440 3128 Eps.
460 3067 497 3116 II.
518 3066 659 3116 amand
679 3067 699 3115 1.
714 3066 739 3114 3.
768 3079 854 3125 posse.

232 3142 270 3191 16.
305 3141 506 3191 Hortensius:
525 3157 615 3192 seeon
634 3143 700 3193 Sull.
715 3142 740 3190 3.
795 3140 895 3191 26-28.
921 3152 967 3206 πρὸς
988 3151 1011 3193 a
1031 3155 1128 3207 πρότερον
1148 3144 1221 3206 [pros
1247 3149 1275 3194 to

230 3217 269 3268 33.
305 3219 402 3282 Secing
413 3220 473 3269 that
485 3220 531 3268 the
542 3220 660 3269 senate’s
678 3220 740 3282 plan
764 3217 912 3281 proteron]‚
929 3219 973 3268 ‘to
984 3221 1030 3270 the
1044 3221 1101 3270 first
1119 3221 1224 3283 polutz'
1239 3221 1272 3270 ci.

230 3294 308 3343 could
324 3301 374 3344 not
392 3296 424 3344 be
442 3296 544 3345 carried
563 3302 610 3344 out
629 3297 741 3346 because
764 3295 778 3356 ᾗ
797 3296 818 3343 1.
832 3296 856 3344 4.
891 3299 1043 3345 revertar:
1061 3297 1104 3347 ior
1121 3297 1167 3346 the
1185 3296 1275 3346 clause

177 3378 178 3381 ’
231 3370 260 3418 oi
282 3370 328 3419 the
346 3372 500 3432 opposition
519 3372 548 3420 oi
567 3372 614 3420 the
634 3373 741 3422 tribune
764 3371 798 3419 ci.
813 3371 877 3420 Sull.
891 3370 938 3420 82.
950 3373 994 3433 353
1012 3373 1064 3423 111.
1080 3372 1125 3422 18.
1138 3374 1162 3423 8.
1197 3372 1275 3422 tudi-

231 3445 331 3507 Fufius,
342 3446 503 3496 Hortensius
512 3448 741 3509 proposedacom·
764 3458 850 3495 cum:
862 3449 904 3497 ior
916 3450 1032 3510 position
1046 3451 1080 3500 ci.
1094 3449 1160 3500 Sull.
1174 3448 1220 3498 83.
1236 3452 1275 3510 11;

230 3523 359 3585 promise:
380 3524 440 3572 that
453 3524 544 3573 Fufius
556 3524 652 3573 should
665 3530 742 3586 puta
765 3524 815 3574 IV.
829 3523 874 3573 18.
888 3526 925 3574 13.
961 3525 1027 3583 fuit,
1037 3527 1140 3576 notthe
1150 3526 1276 3588 realapo-

231 3596 282 3647 law
295 3598 547 3660 throughiferret:
565 3614 608 3648 see
620 3614 656 3649 on
673 3600 738 3649 Sull.
764 3600 836 3650 dosis
853 3606 882 3651 to
893 3603 917 3650 si
935 3637 941 3650 .
962 3637 968 3650 .
989 3637 996 3650 .
1017 3604 1146 3663 quoeris:
1164 3603 1199 3652 ci.
1218 3603 1232 3664 §
1251 3604 1272 3651 l.

231 3673 277 3722 65.
288 3675 313 3734 Β)
324 3675 370 3724 the
380 3676 489 3725 cornitio
498 3675 623 3739 bringing
632 3676 741 3726 Clodius
764 3679 791 3738 83
809 3678 852 3727 ior
874 3678 987 3728 number
1005 3680 1039 3729 ci.
1063 3680 1112 3743 Ep.
1139 3679 1161 3729 Ι.
1185 3678 1211 3728 3.
1235 3679 1272 3729 18.

230 3757 260 3800 to
270 3750 340 3812 trial,
354 3751 403 3801 but
421 3751 527 3815 leaving
545 3753 591 3801 the
607 3753 696 3814 J'urors
714 3762 741 3803 to
764 3754 797 3802 ld
814 3790 819 3802 .
837 3788 865 3802 ..
885 3754 1160 3806 commissumett:
1176 3755 1211 3806 ct
1222 3755 1273 3820 Ep.

232 3825 263 3877 be
285 3827 400 3878 selected
424 3828 452 3877 ln
475 3829 522 3877 the
539 3828 666 3891 ordinary
684 3843 741 3892 way
765 3830 801 3880 11.
816 3828 842 3878 3.
855 3831 894 3881 28.
