2678 4260
177 226 242 302 454
530 242 602 301 nno
622 242 652 302 r.
677 243 804 303 snsno
827 242 975 302 omno.

229 422 327 486 isset:
352 443 460 486 errare
488 421 649 498 homines
676 423 703 486 si
731 421 831 486 etiam
860 429 932 486 tum
963 428 1116 486 senatum
1147 415 1281 506 aliquid

228 526 264 588 iu
280 546 314 589 re
331 525 465 609 publiea
480 548 576 610 posse
592 526 852 600 arbitrarentur3
869 527 1001 610 equites
1015 547 1093 591 vero
1110 526 1279 589 Romanos

228 629 365 694 daturos
383 630 473 693 illius
490 630 556 696 diei
573 653 706 715 poenas,
725 654 791 715 quo
815 653 865 695 me
893 631 1030 695 consule
1055 651 1131 694 eum
1155 629 1280 715 gladiis

176 748 205 794 as
228 734 262 796 in
279 734 366 798 olivo
384 733 576 818 Capitolino
593 734 759 809 fuissent3
784 736 915 798 venisse
933 742 1066 817 ternpus
1090 734 1141 805 iis,
1159 733 1219 817 qui
1244 733 1279 795 in

228 839 346 901 timore
363 837 507 902 fuissent
521 839 731 922 (coniuratos
746 837 905 902 videlieet
920 837 1083 919 dicebat),
1094 836 1280 901 ulciscendi

227 942 289 1004 sui.
337 940 372 1004 Si
388 940 531 1007 dixisset
549 942 630 1007 haee
655 943 775 1016 solum,
793 942 882 1005 omni
906 941 1072 1026 supplicio
1096 950 1185 1005 esset
1209 939 1280 1027 dig-

227 1067 312 1119 nus;
346 1067 423 1109 narn
450 1047 555 1110 oratio
582 1047 654 1131 ipsa
682 1047 830 1110 consulis
859 1045 1045 1130 perniciosa
1070 1052 1181 1129 potest
1208 1067 1278 1109 rem

175 1154 215 1232 29
230 1149 397 1234 publieam
414 1149 613 1215 labefactare
628 1174 635 1224 3
660 1150 743 1234 quid
760 1150 887 1224 feeerit,
902 1149 1025 1214 videte.
1064 1147 1101 1211 L.
1116 1148 1277 1225 Lamiam,

174 1268 204 1313 ³0
226 1254 378 1337 quicum
394 1275 446 1317 me
464 1254 575 1337 ipsum
590 1276 650 1337 pro
677 1275 808 1317 summa
831 1252 1068 1328 familiaritate,
1086 1273 1171 1336 quae
1195 1252 1279 1314 mihi

226 1379 303 1420 oum
320 1363 413 1440 patre
430 1358 502 1421 eius
519 1365 599 1432 erat,
618 1358 715 1421 unice
732 1356 904 1442 diligebat,
922 1363 995 1419 tum
1012 1377 1070 1440 pro
1088 1377 1122 1420 re
1142 1355 1278 1439 publiea

226 1462 281 1525 vel
308 1468 450 1525 mortem
481 1468 638 1549 oppetere
670 1461 837 1546 cupiebat,
866 1462 901 1523 iu
929 1461 1085 1525 contione
1112 1460 1278 1546 relegavit

226 1565 408 1650 edixitque,
429 1573 469 1629 ut
484 1566 526 1629 ab
548 1565 629 1630 urbe
657 1565 788 1630 abesset
814 1566 906 1628 milia
933 1586 1093 1649 passuum
1119 1563 1276 1639 ducenta,

226 1668 318 1754 quod
344 1678 432 1734 esset
458 1690 560 1733 ausus
588 1692 648 1754 pro
676 1671 752 1746 civi,
770 1692 829 1754 pro
857 1668 941 1733 bene
970 1670 1090 1733 merito
1117 1669 1194 1745 civi,
1217 1690 1276 1753 pro

173 1787 201 1832 35
224 1775 340 1848 eurico,
358 1795 416 1857 pro
434 1795 468 1837 re
484 1773 618 1857 publiea
634 1773 815 1858 deprecari.

270 1895 349 1939 xm.
384 1877 476 1956 Quid
492 1878 553 1940 hoe
571 1878 704 1941 homine
722 1877 826 1941 facias
843 1886 903 1941 aut
919 1899 986 1961 quo
1003 1878 1109 1942 civem
1128 1878 1277 1961 inportu·

225 2003 306 2045 num
322 1989 382 2044 aut
398 2003 465 2065 quo
482 1982 595 2065 potius
619 1980 749 2046 hostem
779 1990 847 2045 tam
873 1983 1074 2046 seeleratum
1101 1982 1275 2046 reserves?

225 2086 294 2169 qui,
322 2092 362 2148 ut
392 2085 545 2148 omittam
576 2093 696 2161 cetera,
725 2107 810 2170 quae
842 2093 924 2150 sunt
960 2085 991 2150 ei
1022 2106 1097 2149 cum
1136 2085 1276 2171 conlega

224 2175 349 2252 inmani
387 2190 588 2274 impuroque
627 2191 807 2254 coniuncta
845 2199 947 2274 atque
986 2189 1184 2264 eommunia,
1213 2189 1275 2252 hoo

185 2307 329 2354 sunum
356 2291 457 2357 habet
483 2294 664 2377 proprium,
683 2301 722 2358 ut
744 2315 785 2357 ex
811 2292 892 2357 urbe
921 2293 1100 2376 expulerit,
1118 2293 1277 2379 relegarit

223 2417 290 2459 non
314 2395 389 2460 dieo
414 2397 565 2481 equitem
589 2398 789 2471 Romanum,
808 2419 874 2460 non
899 2397 1149 2461 ornatissimum
1171 2405 1274 2481 atque

223 2501 386 2583 optimum
402 2503 523 2578 virum,
541 2523 607 2565 non
632 2502 874 2588 amicissimum
898 2501 948 2565 ¹rei
976 2500 1130 2585 publicae
1154 2500 1274 2576 civem,

194 2607 196 2611 ’
221 2625 289 2668 non
312 2605 371 2668 illo
398 2607 470 2690 ipso
499 2614 647 2690 tempore
676 2627 743 2670 una
768 2627 845 2669 eum
870 2613 991 2670 senatu
1016 2613 1051 2669 et
1075 2626 1153 2668 eum
1175 2603 1273 2669 bonis

252 2850 298 2898 24.
320 2850 404 2898 illius
438 2851 512 2908 diei.
543 2851 619 2901 ‘that
655 2852 738 2913 (weit
791 2852 857 2909 §22
877 2852 922 2901 32.
940 2853 972 2901 in
990 2852 1139 2901 contione
1158 2851 1274 2914 relega·

220 2925 332 2987 known)
351 2927 420 2989 ‹iay‚’
441 2928 504 2976 Dee.
523 2929 579 2989 oth,
598 2930 638 2989 63,
658 2930 734 2978 when
757 2927 818 2975 vit:
847 2928 1022 2976 banishment
1044 2927 1079 2988 by
1101 2927 1274 2976 administra-

221 3003 267 3052 the
296 3004 414 3064 Kuights
442 3005 655 3066 garrisoned
689 3007 735 3054 the
757 3004 812 3052 tive
828 3018 935 3066 process
952 3018 1005 3053 was
1023 3009 1072 3052 not
1091 3003 1272 3065 uuexempled
1297 2995 1300 3001 ’

221 3078 386 3142 Capitolium
413 3087 441 3128 to
469 3087 574 3140 protect
602 3082 648 3130 the
676 3096 736 3130 sen·
756 3077 1207 3140 intheeaseofpereorinttp.55,
1222 3078 1272 3140 §9)

220 3158 264 3201 ate
292 3153 320 3201 in
345 3153 391 3200 the
424 3153 524 3215 temple
559 3153 588 3203 of
618 3153 731 3204 Concor·
755 3156 809 3204 and
820 3158 897 3215 socii,
906 3157 955 3205 but
964 3156 1058 3206 Cicero
1069 3155 1168 3218 rightly
1178 3154 1272 3205 denies

220 3229 273 3278 dia.
756 3232 790 3281 its
813 3232 923 3294 legality
943 3233 970 3280 in
994 3233 1040 3281 the
1063 3245 1124 3281 ease
1146 3231 1176 3280 oi
1201 3232 1273 3282 cives

252 3304 354 3354 26-29.
388 3305 565 3355 ulciscendi
592 3306 656 3354 sui:
690 3321 734 3357 see
756 3309 883 3359 Romani.

220 3396 256 3431 on
277 3382 298 3430 1.
320 3382 402 3433 217.
447 3382 582 3431 dixisset
597 3381 626 3432 in
641 3390 734 3446 strong

218 3448 536 3520 eontrastwithseeertt,
551 3459 567 3507 l.
582 3460 622 3508 29.
657 3459 732 3520 ipsa,
785 3461 811 3508 1.
828 3460 986 3510 homine
1009 3460 1121 3510 facias:
1143 3461 1188 3510 for
1210 3474 1272 3511 case

222 3532 328 3592 ‘mere'
350 3548 366 3581 a
386 3537 516 3596 meaning
535 3535 612 3584 often
632 3534 681 3583 leit
703 3542 732 3585 to
753 3553 797 3587 see
815 3553 852 3588 on
870 3540 920 3602 Ep.
939 3538 1018 3588 XIV.
1032 3537 1058 3586 3.
1071 3539 1115 3598 263
1134 3538 1177 3587 for
1189 3539 1271 3589 mood

219 3608 267 3658 the
289 3615 412 3658 context:
432 3610 466 3659 ci.
487 3611 573 3672 vultu,
595 3612 667 3672 §2st
690 3613 729 3661 26.
753 3615 789 3664 ci.
814 3615 879 3676 §19.
906 3616 944 3664 16.
992 3626 1054 3675 quo
1079 3637 1104 3662 =
1124 3615 1161 3664 od
1184 3615 1272 3676 quid:

219 3683 425 3734 labefactare:
454 3687 498 3735 ior
520 3687 567 3736 the
590 3688 732 3749 metaphor
753 3689 843 3739 notice
860 3691 895 3739 its
913 3690 1058 3752 repetition
1075 3691 1120 3738 for
1131 3689 1271 3751 emphasis

219 3774 263 3812 see
275 3776 310 3812 on
323 3763 373 3813 IV.
387 3763 484 3813 2242.
753 3766 820 3815 with
835 3766 940 3828 potius.
