2678 4260
105 239 146 304 96
374 252 513 301 onemo
537 251 577 300 nv
600 251 813 301 cummunis
838 251 965 302 rmus.

154 446 280 510 susque
305 425 469 499 vulneras,
496 445 610 487 eorum
637 431 810 507 aspectum
838 425 1129 509 praesentiamque

154 529 251 594 tare?
285 527 320 592 Si
337 538 370 593 te
386 535 540 612 parentes
557 529 714 591 timerent
729 535 834 612 atque
851 526 1002 593 odissent
1017 529 1068 591 tui
1092 550 1133 594 ne

153 655 210 698 eos
236 633 306 697 ulla
331 634 457 696 ratione
483 632 614 717 placare
642 652 765 717 posses,
794 639 834 696 ut
862 633 988 717 opinor,
1016 632 1058 696 ab
1088 655 1134 698 eoi

154 738 259 803 oculis
287 738 401 821 aliquo
426 735 633 800 concederes.
680 735 779 800 Nunc
805 743 838 800 te
865 737 980 820 patria,
1006 758 1093 821 quae
1119 759 1136 802 c

102 858 131 904 25
153 842 265 905 munis
289 848 341 905 est
364 861 483 924 parens
508 841 658 903 omnium
681 847 843 915 nostrum,
867 839 998 904 editae
1024 843 1138 905 metuit

154 947 219 1009 iam
237 944 295 1008 diu
312 944 396 1008 nihil
413 952 446 1008 te
463 943 592 1007 iudicat
611 945 674 1007 nisi
691 943 731 1008 de
749 943 926 1028 parricidio
949 966 1010 1008 suo
1033 947 1139 1031 cogita

154 1050 254 1113 huius
285 1057 324 1113 tu
354 1070 463 1132 neque
495 1050 730 1112 auctoritatem
762 1048 916 1113 verebere
947 1070 1008 1113 nec
1040 1048 1141 1115 iudici

104 1157 142 1220 18
153 1175 293 1237 sequere
318 1174 378 1216 nec
401 1154 470 1217 vim
495 1153 732 1236 pertimesces?
780 1152 874 1231 Quae
899 1160 1020 1229 tecum,
1046 1153 1143 1217 Catili

153 1259 200 1322 sic
217 1258 337 1343 agitet
353 1255 497 1341 quodam
516 1254 614 1318 modo
631 1257 732 1320 tacita
755 1256 927 1341 loquitur:
953 1256 1114 1321 ‘Nullum
1137 1259 1145 1320 i

102 1378 132 1422 ao
153 1362 282 1446 aliquot
302 1361 398 1424 annis
422 1359 553 1423 facinus
575 1360 711 1424 exstitit
732 1361 796 1424 nisi
818 1383 877 1444 per
898 1368 943 1436 te,
960 1361 1091 1424 nullum
1113 1360 1146 1425 fir

153 1466 238 1530 tium
254 1465 325 1528 sine
342 1471 396 1538 te3
420 1462 482 1527 tibi
498 1463 558 1526 uni
575 1464 757 1527 multorum
775 1465 900 1528 civium
923 1485 1031 1538 neces,
1049 1464 1110 1528 tibi
1126 1487 1149 1530 v

153 1569 221 1632 atio
248 1567 459 1652 direptioque
484 1568 651 1631 sociorum
678 1569 833 1652 inpunita
859 1568 927 1631 fuit
951 1589 988 1632 ae
1015 1568 1140 1644 libera;

153 1694 219 1736 non
236 1673 345 1736 solum
361 1670 404 1735 ad
428 1670 652 1758 neglegendas
675 1670 766 1757 leges
789 1680 823 1736 et
846 1674 1068 1756 quaestiones,
1085 1694 1151 1737 ven

153 1777 253 1842 etiam
275 1775 317 1839 ad
339 1774 537 1840 evertendas
559 1775 881 1860 perfringendasque
904 1778 1051 1840 valuisti.
1099 1775 1153 1861 Sug

101 1895 130 1941 ³5
153 1881 239 1943 riora
263 1879 330 1955 illa,
358 1900 561 1964 quamquam
588 1878 724 1942 ferenda
748 1901 815 1943 non
840 1880 989 1955 fuerunt,
1014 1888 1137 1956 tamen,

153 1985 258 2069 potui,
274 1985 339 2047 tuli
352 2008 359 2058 ;
386 2004 474 2046 nunc
491 2004 570 2047 vero
593 2004 644 2046 me
668 1991 772 2046 totam
796 2005 866 2048 esse
890 1985 925 2046 in
949 1991 1042 2048 metu
1065 2004 1156 2069 propi

152 2109 259 2152 unum
275 2095 319 2164 te,
331 2087 492 2172 quicquid
511 2089 721 2170 increpuerit,
735 2079 916 2151 Catilinam
933 2089 1052 2163 timeri,
1066 2089 1158 2153 nullu

148 2261 273 2323 negatlve
291 2258 334 2322 (or
351 2260 544 2321 interrogative
561 2273 663 2307 assum·
688 2259 749 2308 bold
768 2275 813 2309 nse
831 2261 860 2308 of
879 2261 1017 2322 langnage,
1032 2261 1095 2309 here
1114 2264 1159 2311 luc

148 2337 227 2401 inga
250 2338 375 2400 negative
398 2351 511 2396 answer,
530 2349 559 2384 as
578 2333 662 2396 here),
689 2334 816 2394 loquitur.
859 2334 958 2382 tacita
982 2334 1128 2394 loquitur.
1155 2341 1162 2385 l

148 2427 183 2462 an
201 2414 334 2463 infinitive
353 2413 485 2476 regularly
503 2412 616 2472 follows,
635 2426 665 2461 as
688 2410 829 2459 rhetorical
843 2410 925 2471 figure
940 2411 1024 2459 called
1042 2424 1163 2472 oxymon

148 2491 244 2551 vitare,
258 2490 313 2540 line
325 2493 363 2540 2l.
688 2487 733 2535 tlre
746 2500 792 2535 use
809 2487 838 2535 of
857 2487 1056 2547 contradictory
1069 2487 1156 2536 words

180 2567 226 2616 24.
244 2567 356 2628 aliquo,
368 2580 412 2616 see
429 2580 465 2615 on
483 2580 536 2627 quo
554 2566 569 2626 ᾗ
587 2566 661 2614 10.1.
688 2562 734 2611 the
746 2577 819 2611 same
831 2564 935 2625 phrase.
971 2564 1005 2612 A.
1017 2563 1077 2625 386;
1094 2564 1130 2613 Η.
1144 2564 1165 2613 d

147 2643 247 2700 Nunc,
261 2642 348 2704 ‘n0w,
362 2657 391 2692 as
404 2643 425 2691 it
441 2641 483 2702 is,'
494 2649 543 2691 not
560 2656 576 2690 a
594 2655 665 2690 mere
688 2639 748 2696 XL,
763 2641 791 2700 ὓς
804 2638 834 2690 Β.
846 2639 896 2691 375
907 2642 931 2692 2.

148 2720 279 2781 temporal
300 2719 367 2780 idea,
386 2719 435 2768 but
456 2719 564 2780 serving
580 2723 609 2766 to
625 2719 666 2767 in·
718 2715 763 2763 31.
781 2716 918 2772 vexatio,
930 2721 979 2765 etc.
1014 2716 1045 2764 P.
1060 2717 1100 2765 22.
1130 2717 1167 2777 §t

148 2797 258 2846 trodnce
269 2811 304 2845 an
320 2796 408 2845 actual
426 2795 482 2843 fact
501 2795 528 2843 in
545 2800 665 2844 contrast
718 2792 763 2840 32.
780 2791 847 2847 fuit,
867 2792 910 2841 for
932 2793 1047 2841 number
1069 2793 1103 2841 el.
1124 2792 1168 2842 Gar

147 2877 177 2923 to
202 2874 249 2922 the
276 2872 446 2935 supposltion
472 2872 521 2920 si.
544 2906 550 2920 .
573 2906 580 2920 .
604 2885 665 2921 con·
688 2871 708 2919 Ι.
722 2870 750 2929 1,
764 2872 787 2929 2,
801 2869 905 2918 diuidit.

149 2950 263 3000 cederes.
718 2945 764 3003 37,
775 2944 821 2993 38.
839 2945 989 3006 quicquid
1004 2945 1171 3006 increpuer.

179 3026 226 3075 25.
243 3028 392 3082 nostrum,
410 3038 453 3074 see
473 3038 509 3073 on
532 3025 546 3085 ᾗ
565 3024 603 3072 14.
622 3025 661 3073 21.
688 3023 731 3071 ‘at
742 3024 790 3072 the
802 3022 926 3085 sliglrtest
943 3022 1049 3083 sound,’
1065 3022 1173 3085 literali}

149 3101 266 3152 editae
283 3102 402 3159 metuit,
416 3101 528 3150 tenses?
560 3101 609 3150 See
626 3114 661 3149 on
686 3098 835 3161 quiequid
846 3111 871 3135 =
882 3099 909 3146 ei
934 3098 1017 3159 quid,
1034 3099 1069 3148 A.
1093 3099 1151 3159 309,

150 3179 214 3241 513.
228 3181 251 3228 5.
686 3177 742 3234 316;
816 3175 848 3224 G.
867 3175 914 3223 594
934 3177 958 3236 13
983 3175 1017 3224 H.
1037 3174 1085 3227 tor
1103 3175 1155 3224 111.

181 3254 226 3304 26.
241 3253 664 3317 parricidio,insteadofccede‚
686 3250 719 3303 B.
735 3252 783 3303 312
804 3253 825 3302 1.
864 3252 1061 3313 increpuerit,
1084 3252 1118 3300 A.
1143 3251 1173 3301 34

149 3331 263 3382 because
285 3333 331 3382 the
353 3338 466 3393 country
483 3333 506 3380 is
528 3344 577 3379 our
595 3345 662 3379 covu-
687 3328 719 3378 G.
744 3330 792 3378 509
813 3330 841 3391 4;
870 3328 904 3376 H.
931 3329 986 3387 529,
1009 3329 1061 3389 Il.;
1090 3326 1122 3379 B.
1143 3328 1173 3380 32

150 3411 239 3458 murale
247 3422 357 3470 parens.
687 3405 787 3454 videri
803 3441 809 3452 .
823 3441 829 3452 .
845 3441 850 3452 .
867 3404 1032 3453 consillum
1047 3440 1052 3450 .
1067 3438 1072 3450 .
1089 3440 1094 3451 .
1108 3415 1173 3465 pou

183 3485 228 3534 27.
245 3485 402 3542 verebere,
426 3485 455 3533 in
480 3485 527 3532 the
554 3482 609 3530 ind.
637 3482 665 3529 ol
691 3505 716 3529 =
731 3482 833 3530 nullum
851 3482 992 3530 consiliam
1012 3478 1124 3542 (‘plan‚’
1145 3478 1173 3528 ‘d

150 3561 210 3624 dep.
221 3563 297 3611 verbs
309 3562 370 3611 bow
377 3575 422 3610 are
434 3561 480 3609 the
492 3559 605 3620 endings
616 3559 666 3606 -via
688 3559 746 3618 sign
755 3557 775 3619 ’)
785 3559 870 3607 videri
881 3572 960 3618 posse
969 3559 1037 3605 iniri
1047 3555 1066 3618 (⁶
1075 3557 1172 3605 formet

151 3638 205 3687 and
216 3653 256 3687 -re
267 3639 332 3688 used
345 3638 379 3700 by
392 3636 508 3686 Cicero?
690 3637 785 3683 contro
808 3648 857 3682 me.
904 3634 955 3682 For
973 3633 1086 3695 English
1109 3633 1173 3681 idior

185 3716 199 3777 ᾖ
214 3716 250 3764 18.
270 3714 315 3763 29.
339 3713 475 3775 quodam
487 3710 590 3766 modo,
603 3709 667 3758 used
690 3722 733 3755 see
745 3721 779 3755 on
793 3708 807 3767 ξ
822 3709 858 3755 15.
873 3707 955 3756 32-33.

152 3794 181 3846 to
208 3791 298 3844 solten
321 3804 357 3842 an
383 3787 527 3850 unusually
552 3786 609 3834 free
637 3798 668 3833 or
723 3781 768 3831 ³9.
787 3782 959 3839 abhorreat.
974 3782 1012 3832 ‘is
1025 3781 1172 3836 inconsiste
