2678 4260
164 256 229 329 508
492 269 564 324 rao
587 269 618 326 e.
643 268 770 326 snsrro
793 269 943 326 calmo.

217 446 346 513 viribus
370 468 429 531 per
452 445 585 512 caedem
611 469 648 511 ac
682 448 822 512 vulnera
852 456 912 511 aut
942 448 1069 531 eripere
1100 453 1161 510 aut
1191 446 1268 511 reti-

215 572 292 615 nere
310 551 525 634 potuissent?
573 550 640 629 Qui
666 552 771 635 igitur
794 552 894 634 primi
918 551 1045 614 virtute
1071 557 1106 614 et
1122 550 1266 614 consilio

163 670 192 716 16
213 655 396 739 praestanti
436 655 635 730 extiterunt,
668 656 690 716 ii
722 662 897 739 perspecto
938 675 1060 740 genere
1098 652 1266 717 humanae

215 758 397 823 docilitatis
428 765 530 842 atque
562 758 691 844 ingenii
723 758 913 842 dissupatos
948 780 1053 821 unum
1086 759 1121 820 in
1153 757 1266 821 locum

215 870 465 949 congregarunt
503 883 628 946 eosque
671 885 713 926 ex
756 861 890 927 feritate
927 863 985 925 illa
1020 861 1062 925 ad
1099 862 1266 925 iustitiam

215 973 317 1051 atque
334 966 377 1030 ad
392 965 687 1032 mansuetudinem
708 966 985 1031 transduxerunt.
1033 967 1122 1029 Tum
1146 987 1199 1030 res
1224 964 1267 1029 ad

215 1092 425 1136 communem
441 1072 637 1148 utilitatem,
662 1093 747 1156 quas
772 1071 923 1156 publicas
946 1071 1166 1155 appellamus
1190 1077 1267 1134 turn

160 1189 191 1234 ao
213 1176 450 1239 conventicula
472 1176 656 1251 hominum,
682 1197 768 1261 quae
793 1182 911 1260 postea
936 1177 1092 1240 civitates
1119 1175 1267 1259 nomina·

216 1286 269 1343 tae
285 1286 376 1355 sunt,
393 1287 468 1342 tum
485 1278 655 1343 domicilia
679 1281 868 1356 coniuncta,
886 1301 970 1364 quas
987 1279 1085 1343 urbes
1111 1278 1266 1354 dicimus,

213 1383 354 1446 invento
371 1389 406 1446 et
421 1382 537 1447 divino
555 1385 627 1447 iure
644 1391 680 1448 et
695 1384 843 1448 humano
860 1383 1034 1448 moenibus
1056 1389 1266 1467 saepserunt.

162 1484 202 1546 92
217 1488 335 1571 Atque
351 1487 440 1551 inter
455 1487 540 1552 hanc
557 1489 661 1552 vitam
679 1489 877 1573 perpolitam
895 1488 1104 1553 humanitate
1121 1486 1266 1552 atillam

213 1591 394 1655 immanem
410 1592 496 1655 nihil
512 1600 581 1655 tam
600 1593 743 1656 interest
758 1613 861 1676 quarn
886 1592 939 1654 ius
963 1598 1066 1676 atque
1090 1591 1151 1654 vis.
1198 1589 1268 1654 Ho

160 1709 190 1754 aa
211 1716 286 1759 rum
301 1704 377 1759 utro
393 1696 445 1759 uti
461 1696 633 1772 nolumus,
651 1697 757 1761 altero
776 1704 828 1761 est
843 1694 1019 1759 utendum.
1066 1694 1147 1758 Vim
1173 1694 1267 1758 volu-

214 1820 288 1862 mus
315 1800 495 1885 extingui3
520 1801 573 1863 ius
602 1800 712 1864 valeat
737 1821 872 1864 necesse
899 1808 959 1875 est,
985 1798 1020 1861 id
1048 1807 1100 1862 est
1130 1796 1266 1871 iudicia,

216 1903 340 1987 quibus
368 1924 466 1967 omne
498 1904 551 1967 ius
581 1905 784 1969 continetur.
831 1901 962 1967 Iudicia
993 1902 1176 1985 displicent
1207 1910 1268 1965 aut

213 2008 309 2070 nulla
335 2015 436 2082 sunt3
460 2007 511 2071 vis
544 2007 738 2072 dominetur
769 2029 903 2072 necesse
930 2013 991 2070 est.
1039 2005 1114 2069 Hoc
1146 2003 1268 2070 vident

212 2132 347 2185 omnes3
372 2110 457 2174 Milo
485 2119 520 2175 et
542 2110 630 2175 vidit
651 2118 686 2175 et
710 2111 801 2188 iecit,
819 2119 859 2175 ut
884 2112 937 2175 ius
959 2111 1179 2194 experiretur,
1195 2110 1266 2174 vim

159 2228 190 2274 ac
213 2214 408 2298 depelleret.
454 2215 575 2278 Altero
592 2217 643 2278 uti
659 2216 783 2292 voluit,
801 2224 842 2280 ut
865 2216 973 2280 virtus
997 2214 1171 2278 audaciam
1195 2214 1267 2279 vin-

213 2325 326 2392 ceret;
350 2318 456 2382 altero
473 2339 554 2382 usus
571 2321 757 2383 necessario
780 2327 842 2396 est,
858 2340 901 2383 ne
925 2320 1033 2383 virtus
1061 2317 1103 2381 ab
1126 2316 1267 2381 audacia

212 2423 415 2491 vinceretur.
463 2422 657 2507 Eademque
688 2424 774 2488 ratio
804 2423 873 2488 iuit
904 2421 992 2487 Sesti
1026 2423 1055 2486 si
1087 2421 1198 2485 minus
1230 2422 1266 2483 in

212 2526 400 2591 accusando
427 2530 556 2610 (neque
582 2527 670 2590 enim
694 2524 754 2611 per
776 2528 884 2592 omnis
909 2525 978 2591 fuit
1002 2525 1089 2619 idem
1116 2525 1187 2589 fieri
1211 2546 1267 2589 ne-

241 2656 342 2705 17-22.
364 2655 497 2713 feritate,
509 2656 622 2719 ‘savage
631 2659 719 2707 state)
750 2660 884 2725 directing
895 2662 1031 2710 attention
1044 2666 1073 2709 to
1084 2673 1167 2708 anew
1175 2660 1266 2720 point:

208 2732 488 2785 mansuetudinem.
521 2733 719 2784 ‘civilization’
750 2737 784 2786 cf.
805 2752 838 2788 nc
857 2738 907 2800 Ep.
927 2737 978 2788 IV.
995 2737 1019 2784 2.
1035 2737 1079 2795 223
1098 2735 1164 2785 Sull.
1179 2734 1205 2782 3.
1224 2735 1263 2785 30.

208 2819 260 2859 m
274 2808 315 2858 ad
331 2809 509 2866 utilitatem,
529 2809 637 2873 ‘things
655 2812 721 2860 used
749 2812 826 2861 nihil
858 2817 923 2862 tam
956 2813 1096 2870 interest,
1128 2811 1267 2874 ‘nothing

209 2885 239 2934 in
256 2886 401 2947 eommon,’
422 2901 444 2936 e.
457 2901 493 2948 g„
507 2892 612 2946 streets,
631 2887 722 2950 public
749 2889 841 2938 marks
861 2890 907 2938 the
924 2889 1070 2938 difference
1092 2900 1123 2937 so
1145 2885 1263 2948 clearly!

209 2961 354 3024 buildings,
366 2962 470 3011 market
479 2961 576 3024 places.
614 2963 721 3013 Forthe
750 2962 896 3014 Horum
930 2968 1009 3021 utro,
1039 2963 1212 3013 ‘whichever
1236 2962 1267 3011 oi

208 3037 306 3100 phrase
317 3039 409 3099 joined
422 3038 535 3101 directly
546 3045 574 3088 to
588 3041 635 3089 the
647 3055 720 3090 noun
750 3042 836 3090 these:
846 3041 853 3065 ’
863 3044 925 3090 utro
935 3064 961 3089 -.
971 3043 1159 3101 utrocumque.
1183 3036 1265 3095 Vim,

209 3112 467 3174 ct.1v.9.3;111.
488 3113 533 3162 11.
553 3115 659 3178 21310.
682 3118 719 3165 13.
749 3122 814 3165 etc:
838 3117 944 3166 instead
963 3117 993 3166 of
1016 3130 1032 3166 a
1052 3114 1149 3166 formal
1173 3114 1266 3164 condi·

209 3201 287 3251 quas
309 3190 419 3238 urbes:
435 3191 478 3239 ior
500 3192 601 3254 gender
623 3193 652 3241 of
675 3194 722 3242 the
749 3193 834 3242 tional
854 3200 981 3242 sentence
996 3207 1036 3242 we
1054 3193 1124 3241 have
1141 3191 1187 3239 the
1205 3204 1266 3253 pro

208 3265 320 3315 relative
340 3280 384 3317 see
404 3282 440 3316 on
462 3269 531 3318 Mur.
554 3269 600 3317 58.
622 3271 643 3318 1.
678 3269 721 3317 in-
750 3269 814 3317 tasis
836 3269 889 3318 and
913 3269 1038 3332 apodosis
1058 3267 1147 3317 stated
1170 3280 1199 3315 as
1224 3266 1265 3315 in-

208 3346 306 3392 vento
331 3378 360 3391 ..
391 3379 396 3391 .
420 3349 612 3406 saepserunt,
637 3345 722 3394 ‘after
749 3345 903 3406 dependent
928 3345 1141 3407 thoughts—so
1169 3343 1198 3392 in
1228 3341 1265 3392 all

209 3419 300 3469 divine
311 3420 365 3468 and
376 3421 480 3469 human
488 3421 539 3469 law
549 3421 603 3471 had
613 3422 721 3471 become
749 3421 902 3484 languages.
938 3421 1043 3469 valeat
1067 3418 1264 3481 (subjunctive)

209 3495 310 3544 known
354 3496 418 3559 they
451 3497 619 3547 surrounded
653 3498 721 3547 with
748 3509 878 3546 necesse
895 3500 956 3546 est:
975 3498 1024 3545 but
1044 3494 1057 3552 i
1075 3497 1115 3545 86.
1131 3496 1161 3543 14
1179 3496 1265 3544 vitam

209 3570 301 3621 walls!
337 3572 372 3622 In
390 3573 507 3623 Cicero's
522 3573 588 3621 time
606 3573 653 3622 the
668 3575 722 3622 for·
750 3573 859 3634 defendi
884 3570 1041 3635 (infinitive)
1061 3585 1177 3632 arcesse,
1198 3576 1265 3621 etc:

208 3646 282 3698 tifled
294 3649 348 3711 city
358 3663 413 3699 was
424 3650 472 3698 the
489 3650 596 3712 highest
609 3663 722 3712 concep
749 3649 783 3697 cf.
805 3649 868 3712 irps.
888 3649 923 3702 V.
943 3648 969 3696 1.
989 3649 1005 3696 5
1027 3648 1080 3697 and
1104 3645 1155 3698 IV.
1176 3645 1201 3694 2.
1222 3646 1263 3696 30.

208 3723 309 3775 tionof
325 3730 432 3775 astate.
748 3725 831 3782 iecit,
858 3728 911 3774 ut:
939 3725 975 3774 ci.
1000 3725 1014 3786 5
1042 3725 1082 3774 89.
1106 3724 1145 3774 29.
1173 3722 1264 3784 ratio,

240 3800 317 3870 592.
346 3799 447 3852 23-32.
480 3800 594 3865 Atque,
621 3799 718 3867 ‘nova’
750 3800 878 3854 ‘course’
