2678 4260
146 255 210 322 560
411 268 482 317 rao
506 268 536 316 r.
563 267 682 317 usuro
706 267 851 317 ursona
874 267 1022 318 orario.

148 455 175 500 15
197 441 407 524 arripuimus,
426 439 608 513 hausimus
626 440 861 523 expressimus,
878 440 1038 523 adquam
1063 462 1133 504 non
1150 439 1248 508 docti.

198 543 1246 621 mfflmmmmmmoefflmwmmwmmm

200 655 312 713 nostra
329 649 363 711 in
380 648 509 732 aliquas
527 647 673 720 insidias,
691 648 718 711 si
736 649 768 709 in
787 648 853 711 vim
872 656 906 712 et
922 649 957 710 in
979 648 1046 712 tela
1068 656 1129 714 aut
1150 657 1250 714 :atro-

93 830 95 834 .
199 768 279 816 num
310 760 370 816 aut
400 753 611 815 inimieorum
642 751 824 827 incidisset,
853 753 960 816 omnis
992 752 1129 819 honesta
1165 755 1247 818 ratio

147 863 181 923 11
199 865 286 923 esset
303 856 530 941 expediendae
547 856 675 920 salutis.
723 854 833 920 Silent
847 857 936 920 enim
950 857 1042 943 leges
1058 858 1144 922 intes
1161 879 1248 921 arma

146 978 174 1023 20
198 984 258 1026 nee
285 984 320 1026 se
352 961 522 1045 expectari
553 960 679 1035 iubent,
705 982 781 1024 oum
808 961 848 1036 ei,
867 962 925 1044 qui
953 968 1128 1045 expectare
1157 961 1246 1038 velit,

201 1074 278 1130 ante
305 1066 430 1129 iniusta
457 1086 564 1149 poena
591 1064 715 1128 luenda
742 1065 787 1128 sit
810 1085 912 1148 quam
939 1065 1027 1128 iusta
1055 1065 1245 1148 repetenda.

198 1169 274 1233 Etsi
291 1170 518 1253 persapienter
541 1176 575 1232 et
599 1167 744 1252 quodam
769 1167 867 1231 modo
891 1169 991 1233 tacite
1012 1168 1071 1232 dat
1095 1169 1169 1253 ipsa
1192 1169 1245 1233 lex

199 1280 398 1358 potestatem
414 1271 629 1346 defendendi,
644 1294 728 1355 quae
746 1293 811 1334 non
830 1272 927 1335 modo
944 1272 1110 1338 hominem
1130 1272 1246 1349 oeoidi,

199 1377 258 1440 sed
281 1398 352 1440 esse
381 1397 456 1440 oum
485 1375 552 1440 telo
580 1375 723 1438 hominis
751 1375 924 1440 occidendi
953 1397 1052 1439 eausa
1077 1382 1182 1452 vetat,
1200 1383 1246 1451 ut,

146 1497 175 1542 25
198 1502 274 1545 eum
291 1502 399 1555 eausa,
417 1502 483 1542 non
509 1479 614 1543 telum
639 1487 865 1562 quaereretur,
884 1481 943 1563 qui
966 1480 1019 1543 sui
1043 1479 1247 1548 defendendi

199 1605 298 1648 eausa
329 1584 395 1648 telo
427 1590 514 1647 esset
545 1605 637 1657 usus,
667 1605 731 1645 non
768 1583 910 1646 hominis
942 1583 1117 1648 occidendi
1148 1605 1247 1648 eausa

200 1687 353 1752 habuisse
371 1687 475 1750 telum
492 1686 707 1750 iudicaretur.
757 1687 970 1770 Quapropter
986 1686 1048 1750 hoo
1063 1695 1198 1753 maneat
1214 1688 1246 1750 in

199 1813 307 1866 causa,
326 1790 471 1865 iudices3
497 1812 563 1853 non
591 1790 679 1854 enirn
703 1789 831 1865 dubito,
850 1791 932 1874 quin
961 1789 1162 1874 probaturus
1186 1792 1248 1855 sim

200 1895 292 1960 vobis
321 1894 546 1959 defensionem
572 1915 688 1969 meam,
706 1894 734 1957 si
760 1893 794 1956 id
818 1894 1044 1968 memineritis,
1062 1894 1157 1979 quod
1172 1894 1248 1960 obli·

146 2016 175 2059 so
198 2001 280 2064 visoi
297 2021 363 2062 non
380 1999 529 2083 potestis,
548 1997 774 2062 insidiatorem
792 1998 863 2062 iure
887 1997 1030 2062 interfici
1053 2019 1161 2083 posse.

148 2109 183 2170 12
244 2122 277 2166 v.
310 2103 471 2187 Sequitur
487 2103 582 2178 illud,
597 2102 689 2186 quod
705 2124 723 2165 a
741 2101 878 2165 Milonis
895 2102 1039 2166 inimicis
1054 2103 1247 2186 saepissime

200 2207 332 2279 dieitur,
347 2207 492 2281 eaedem,
512 2208 629 2291 inqua
647 2206 683 2268 P.
702 2205 843 2270 Clodius
863 2207 992 2270 occisus
1016 2213 1076 2282 est,
1094 2215 1246 2271 senatum

201 2311 362 2375 iudicasse
380 2319 495 2374 eontra
512 2333 580 2374 rem
597 2309 768 2395 publieam
784 2331 854 2374 esse
872 2310 1005 2373 factam.
1053 2309 1152 2374 Illam
1169 2333 1247 2376 vero

199 2424 335 2480 senatus
366 2438 431 2477 non
460 2416 636 2479 sententiis
664 2415 734 2478 suis
760 2413 964 2489 solun1,sed
995 2413 1097 2479 etiam
1127 2415 1247 2480 studiis

161 2536 175 2579 s
198 2520 436 2604 eomprobavit.
485 2519 650 2597 Quotiens
665 2519 754 2581 enim
771 2525 823 2582 est
839 2519 897 2580 illa
913 2539 1012 2582 eausa
1027 2539 1047 2581 a
1064 2517 1160 2582 nobis
1176 2526 1248 2583 aeta

200 2626 232 2687 in
250 2633 369 2688 senatu
395 2624 517 2707 quibus
542 2623 790 2687 assensionibus
819 2623 969 2688 universi
993 2621 1130 2698 ordinis,
1148 2645 1247 2708 quam

202 2749 262 2793 neo
279 2729 389 2791 tacitis
406 2750 466 2791 neo
485 2726 644 2791 occultis!
693 2726 836 2805 Quando
860 2727 949 2791 enim
973 2724 1248 2815 frequentissimo

197 3014 1248 3080 emmmmmmmmmfflmammmmthwmwffiwm

197 3109 237 3144 we
255 3110 323 3144 were
343 3100 391 3144 not
411 3095 517 3144 trained
536 3095 585 3144 but
603 3093 710 3142 imbned
736 3092 790 3140 this
803 3092 933 3155 principle
946 3093 979 3141 be
991 3091 1106 3141 settled!

198 3173 225 3221 in
239 3173 268 3231 it,
281 3187 311 3221 so
323 3173 392 3230 that,
406 3172 466 3221 etc!

230 3247 506 3309 §11.22--27.Etsi‚
534 3247 604 3296 ‘and
634 3246 707 3309 yet:’
768 3243 999 3308 (consummo.)
1028 3246 1051 3293 2.
1081 3243 1182 3294 “That
1201 3245 1247 3294 the

197 3325 232 3373 ci.
252 3339 419 3386 quamquem
438 3326 466 3373 in
484 3325 530 3372 the
548 3338 621 3373 same
639 3324 709 3385 posi·
734 3322 833 3372 Senate
845 3321 898 3370 had
911 3320 1085 3384 pronouneed
1097 3321 1143 3369 the
1152 3320 1248 3383 killing

197 3402 264 3450 tion.
301 3401 326 3449 lt
344 3402 406 3449 llere
423 3406 539 3452 corrects
562 3401 609 3448 the
629 3404 709 3448 state·
733 3399 763 3448 of
792 3398 902 3448 Clodius
926 3412 941 3446 a
964 3397 1047 3446 crime
1071 3398 1178 3459 against
1202 3398 1248 3446 the

198 3482 273 3526 ment
286 3477 356 3537 leues
368 3478 449 3526 sileat
462 3477 491 3525 oi
507 3476 524 3525 l.
541 3478 577 3525 19.
613 3475 709 3524 homi·
733 3474 838 3535 State‚’'
865 3475 895 3535 ἐξ
919 3474 1005 3522 12-14.
1041 3474 1135 3522 Cicero
1153 3473 1248 3535 replies

197 3553 247 3602 nis
281 3553 448 3602 occidendi
482 3563 595 3601 causa:
633 3553 708 3600 these
733 3552 793 3600 that
811 3552 857 3599 the
875 3555 967 3598 senate
986 3550 1123 3612 approved
1141 3551 1188 3598 tlte
1205 3557 1248 3599 aet

198 3629 285 3678 words
297 3630 390 3679 Cicero
402 3631 495 3678 makes
512 3630 558 3677 the
573 3629 708 3690 emphatic
734 3628 757 3689 (i
772 3628 822 3690 12),
843 3628 904 3676 that
926 3628 973 3675 the
996 3626 1112 3675 unusual
1132 3627 1203 3674 form
1220 3625 1249 3676 oi

199 3706 300 3755 onesoi
312 3707 357 3755 the
367 3706 430 3767 law3
450 3706 548 3764 i.e.‚lre
561 3707 708 3766 urgestliat
733 3704 924 3765 investigation
954 3717 1008 3751 was
1033 3703 1085 3751 due
1115 3708 1144 3749 to
1171 3703 1249 3750 Pom-

198 3782 246 3835 the
257 3782 309 3833 law
321 3797 375 3836 was
387 3781 475 3836 aimeri
491 3786 520 3833 at
535 3782 582 3835 the
596 3782 706 3847 mutire,
733 3783 817 3846 peius,
843 3786 892 3831 not
915 3786 943 3828 to
967 3781 1014 3831 the
1038 3783 1133 3830 senate
1150 3777 1176 3844 (5
1196 3778 1248 3845 13),
