<?xml version="1.0" encoding="UTF-8"?>
<!DOCTYPE html PUBLIC "-//W3C//DTD XHTML 1.0 Transitional//EN"
    "http://www.w3.org/TR/xhtml1/DTD/xhtml1-transitional.dtd">
<html xmlns="http://www.w3.org/1999/xhtml" xml:lang="en" lang="en">
 <head>
  <title>
</title>
<meta http-equiv="Content-Type" content="text/html;charset=utf-8" />
  <meta name='ocr-system' content='tesseract 3.04.00' />
  <meta name='ocr-capabilities' content='ocr_page ocr_carea ocr_par ocr_line ocrx_word'/>
</head>
<body>
  <div class='ocr_page' id='page_1' title='image "./selectedoration00cicegoog_0550.png"; bbox 0 0 2678 4260; ppageno 0'>
   <div class='ocr_carea' id='block_1_1' title="bbox 424 237 1159 314">
    <p class='ocr_par' dir='ltr' id='par_1_1' title="bbox 424 237 1159 314">
     <span class='ocr_line' id='line_1_1' title="bbox 424 237 1159 314; baseline 0.003 -12"><span class='ocrx_word' id='word_1_1' title='bbox 424 251 504 303; x_wconf 73' lang='lat' dir='ltr'>oar.</span> <span class='ocrx_word' id='word_1_2' title='bbox 530 251 617 314; x_wconf 68' lang='lat' dir='ltr'>reu,</span> <span class='ocrx_word' id='word_1_3' title='bbox 642 251 655 314; x_wconf 73' lang='lat' dir='ltr'>s</span> <span class='ocrx_word' id='word_1_4' title='bbox 677 251 765 301; x_wconf 67' lang='lat' dir='ltr'>sess.</span> <span class='ocrx_word' id='word_1_5' title='bbox 1095 237 1159 304; x_wconf 76' lang='lat'>577</span> 
     </span>
    </p>
   </div>
   <div class='ocr_carea' id='block_1_2' title="bbox 55 421 1161 2899">
    <p class='ocr_par' dir='ltr' id='par_1_2' title="bbox 55 421 1161 2899">
     <span class='ocr_line' id='line_1_2' title="bbox 58 421 1103 509; baseline 0.001 -23"><span class='ocrx_word' id='word_1_6' title='bbox 58 421 173 487; x_wconf 79' lang='lat' dir='ltr'>‘Nihil</span> <span class='ocrx_word' id='word_1_7' title='bbox 188 423 329 508; x_wconf 88' lang='lat' dir='ltr'>pervim</span> <span class='ocrx_word' id='word_1_8' title='bbox 352 444 513 508; x_wconf 92' lang='lat' dir='ltr'>umquam</span> <span class='ocrx_word' id='word_1_9' title='bbox 536 421 687 499; x_wconf 85' lang='lat' dir='ltr'>Clodius,</span> <span class='ocrx_word' id='word_1_10' title='bbox 705 423 816 487; x_wconf 87' lang='lat' dir='ltr'>omnia</span> <span class='ocrx_word' id='word_1_11' title='bbox 837 424 981 509; x_wconf 87' lang='lat' dir='ltr'>pervim</span> <span class='ocrx_word' id='word_1_12' title='bbox 996 423 1103 489; x_wconf 65' lang='lat' dir='ltr'>Milo?</span> 
     </span>
     <span class='ocr_line' id='line_1_3' title="bbox 58 526 1105 613; baseline 0.002 -23"><span class='ocrx_word' id='word_1_13' title='bbox 58 526 176 607; x_wconf 79' lang='lat' dir='ltr'>Quid?</span> <span class='ocrx_word' id='word_1_14' title='bbox 199 548 271 613; x_wconf 83' lang='lat' dir='ltr'>ege,</span> <span class='ocrx_word' id='word_1_15' title='bbox 288 527 426 603; x_wconf 89' lang='lat' dir='ltr'>iudices,</span> <span class='ocrx_word' id='word_1_16' title='bbox 444 549 521 592; x_wconf 89' lang='lat' dir='ltr'>oum</span> <span class='ocrx_word' id='word_1_17' title='bbox 544 526 770 592; x_wconf 88' lang='lat' dir='ltr'>maerentibus</span> <span class='ocrx_word' id='word_1_18' title='bbox 786 527 881 593; x_wconf 85' lang='lat' dir='ltr'>vobis</span> <span class='ocrx_word' id='word_1_19' title='bbox 906 528 988 594; x_wconf 87' lang='lat' dir='ltr'>urbe</span> <span class='ocrx_word' id='word_1_20' title='bbox 1011 529 1105 606; x_wconf 88' lang='lat' dir='ltr'>cessi,</span> 
     </span>
     <span class='ocr_line' id='line_1_4' title="bbox 56 631 1144 708; baseline -0.001 -13"><span class='ocrx_word' id='word_1_21' title='bbox 56 631 263 696; x_wconf 83' lang='lat' dir='ltr'>iudiciumne</span> <span class='ocrx_word' id='word_1_22' title='bbox 295 632 402 707; x_wconf 92' lang='lat' dir='ltr'>timui,</span> <span class='ocrx_word' id='word_1_23' title='bbox 434 653 502 695; x_wconf 93' lang='lat' dir='ltr'>non</span> <span class='ocrx_word' id='word_1_24' title='bbox 532 652 655 707; x_wconf 68' lang='lat' dir='ltr'>servos</span> <span class='ocrx_word' id='word_1_25' title='bbox 687 652 756 695; x_wconf 94' lang='lat' dir='ltr'>non</span> <span class='ocrx_word' id='word_1_26' title='bbox 783 653 883 708; x_wconf 86' lang='lat' dir='ltr'>arma,</span> <span class='ocrx_word' id='word_1_27' title='bbox 916 653 984 696; x_wconf 93' lang='lat' dir='ltr'>non</span> <span class='ocrx_word' id='word_1_28' title='bbox 1013 632 1144 699; x_wconf 79' lang='lat' dir='ltr'>vimls</span> 
     </span>
     <span class='ocr_line' id='line_1_5' title="bbox 58 735 1104 821; baseline 0 -22"><span class='ocrx_word' id='word_1_29' title='bbox 58 735 155 815; x_wconf 78' lang='lat' dir='ltr'>Quae</span> <span class='ocrx_word' id='word_1_30' title='bbox 185 735 309 800; x_wconf 83' lang='lat' dir='ltr'>fuisset</span> <span class='ocrx_word' id='word_1_31' title='bbox 338 736 445 821; x_wconf 83' lang='lat' dir='ltr'>igitur</span> <span class='ocrx_word' id='word_1_32' title='bbox 471 736 561 799; x_wconf 90' lang='lat' dir='ltr'>iusta</span> <span class='ocrx_word' id='word_1_33' title='bbox 588 756 690 799; x_wconf 88' lang='lat' dir='ltr'>causa</span> <span class='ocrx_word' id='word_1_34' title='bbox 714 735 916 800; x_wconf 91' lang='lat' dir='ltr'>restituendi</span> <span class='ocrx_word' id='word_1_35' title='bbox 940 737 1014 812; x_wconf 90' lang='lat' dir='ltr'>mei,</span> <span class='ocrx_word' id='word_1_36' title='bbox 1039 737 1104 801; x_wconf 90' lang='lat' dir='ltr'>nisi</span> 
     </span>
     <span class='ocr_line' id='line_1_6' title="bbox 57 838 1105 917; baseline 0.002 -14"><span class='ocrx_word' id='word_1_37' title='bbox 57 839 181 904; x_wconf 85' lang='lat' dir='ltr'>fuisset</span> <span class='ocrx_word' id='word_1_38' title='bbox 204 841 330 903; x_wconf 85' lang='lat' dir='ltr'>iniusta</span> <span class='ocrx_word' id='word_1_39' title='bbox 357 838 526 903; x_wconf 81' lang='lat' dir='ltr'>eiciendi?</span> <span class='ocrx_word' id='word_1_40' title='bbox 583 839 682 902; x_wconf 87' lang='lat' dir='ltr'>Diem</span> <span class='ocrx_word' id='word_1_41' title='bbox 712 839 804 915; x_wconf 92' lang='lat' dir='ltr'>mihi,</span> <span class='ocrx_word' id='word_1_42' title='bbox 830 839 938 916; x_wconf 83' lang='lat' dir='ltr'>crede,</span> <span class='ocrx_word' id='word_1_43' title='bbox 963 839 1105 917; x_wconf 82' lang='lat' dir='ltr'>dixerat,</span> 
     </span>
     <span class='ocr_line' id='line_1_7' title="bbox 56 942 1102 1029; baseline 0.003 -23"><span class='ocrx_word' id='word_1_44' title='bbox 56 944 199 1008; x_wconf 87' lang='lat' dir='ltr'>multam</span> <span class='ocrx_word' id='word_1_45' title='bbox 230 944 400 1029; x_wconf 83' lang='lat' dir='ltr'>irrogarat,</span> <span class='ocrx_word' id='word_1_46' title='bbox 431 944 597 1007; x_wconf 77' lang='lat' dir='ltr'>actionem</span> <span class='ocrx_word' id='word_1_47' title='bbox 627 942 868 1027; x_wconf 82' lang='lat' dir='ltr'>perduellionis</span> <span class='ocrx_word' id='word_1_48' title='bbox 901 943 1102 1021; x_wconf 85' lang='lat' dir='ltr'>intenderat,</span> 
     </span>
     <span class='ocr_line' id='line_1_8' title="bbox 57 1046 1107 1124; baseline 0.001 -12"><span class='ocrx_word' id='word_1_49' title='bbox 57 1055 94 1112; x_wconf 89' lang='lat' dir='ltr'>et</span> <span class='ocrx_word' id='word_1_50' title='bbox 118 1047 199 1109; x_wconf 90' lang='lat' dir='ltr'>mihi</span> <span class='ocrx_word' id='word_1_51' title='bbox 222 1046 383 1112; x_wconf 85' lang='lat' dir='ltr'>videlicet</span> <span class='ocrx_word' id='word_1_52' title='bbox 409 1047 444 1109; x_wconf 90' lang='lat' dir='ltr'>in</span> <span class='ocrx_word' id='word_1_53' title='bbox 472 1068 572 1110; x_wconf 89' lang='lat' dir='ltr'>causa</span> <span class='ocrx_word' id='word_1_54' title='bbox 599 1056 659 1110; x_wconf 89' lang='lat' dir='ltr'>aut</span> <span class='ocrx_word' id='word_1_55' title='bbox 686 1047 773 1110; x_wconf 86' lang='lat' dir='ltr'>mala</span> <span class='ocrx_word' id='word_1_56' title='bbox 799 1055 859 1111; x_wconf 89' lang='lat' dir='ltr'>aut</span> <span class='ocrx_word' id='word_1_57' title='bbox 879 1068 961 1124; x_wconf 91' lang='lat' dir='ltr'>mea,</span> <span class='ocrx_word' id='word_1_58' title='bbox 981 1069 1050 1112; x_wconf 89' lang='lat' dir='ltr'>non</span> <span class='ocrx_word' id='word_1_59' title='bbox 1072 1056 1107 1113; x_wconf 88' lang='lat' dir='ltr'>et</span> 
     </span>
     <span class='ocr_line' id='line_1_9' title="bbox 56 1150 1160 1237; baseline 0.001 -23"><span class='ocrx_word' id='word_1_60' title='bbox 56 1151 321 1237; x_wconf 87' lang='lat' dir='ltr'>praeclarissima</span> <span class='ocrx_word' id='word_1_61' title='bbox 337 1157 371 1215; x_wconf 91' lang='lat' dir='ltr'>et</span> <span class='ocrx_word' id='word_1_62' title='bbox 387 1157 510 1226; x_wconf 87' lang='lat' dir='ltr'>vestra,</span> <span class='ocrx_word' id='word_1_63' title='bbox 528 1150 692 1214; x_wconf 91' lang='lat' dir='ltr'>iudicium</span> <span class='ocrx_word' id='word_1_64' title='bbox 709 1150 896 1216; x_wconf 90' lang='lat' dir='ltr'>timendum</span> <span class='ocrx_word' id='word_1_65' title='bbox 914 1150 991 1216; x_wconf 85' lang='lat' dir='ltr'>fuit.</span> <span class='ocrx_word' id='word_1_66' title='bbox 1037 1150 1109 1217; x_wconf 85' lang='lat' dir='ltr'>Ser·</span> <span class='ocrx_word' id='word_1_67' title='bbox 1130 1169 1160 1215; x_wconf 90' lang='lat'>10</span> 
     </span>
     <span class='ocr_line' id='line_1_10' title="bbox 57 1253 1105 1340; baseline 0 -20"><span class='ocrx_word' id='word_1_68' title='bbox 57 1277 176 1320; x_wconf 87' lang='lat' dir='ltr'>vorum</span> <span class='ocrx_word' id='word_1_69' title='bbox 207 1263 242 1319; x_wconf 94' lang='lat' dir='ltr'>et</span> <span class='ocrx_word' id='word_1_70' title='bbox 271 1255 444 1340; x_wconf 83' lang='lat' dir='ltr'>egentium</span> <span class='ocrx_word' id='word_1_71' title='bbox 482 1255 609 1319; x_wconf 88' lang='lat' dir='ltr'>civium</span> <span class='ocrx_word' id='word_1_72' title='bbox 640 1263 675 1319; x_wconf 91' lang='lat' dir='ltr'>et</span> <span class='ocrx_word' id='word_1_73' title='bbox 706 1253 968 1319; x_wconf 83' lang='lat' dir='ltr'>facinerosorum</span> <span class='ocrx_word' id='word_1_74' title='bbox 1005 1257 1105 1320; x_wconf 85' lang='lat' dir='ltr'>armis</span> 
     </span>
     <span class='ocr_line' id='line_1_11' title="bbox 56 1359 1104 1444; baseline 0.002 -22"><span class='ocrx_word' id='word_1_75' title='bbox 56 1381 148 1424; x_wconf 90' lang='lat' dir='ltr'>meos</span> <span class='ocrx_word' id='word_1_76' title='bbox 180 1360 270 1423; x_wconf 88' lang='lat' dir='ltr'>cives</span> <span class='ocrx_word' id='word_1_77' title='bbox 302 1360 383 1422; x_wconf 92' lang='lat' dir='ltr'>meis</span> <span class='ocrx_word' id='word_1_78' title='bbox 423 1359 570 1423; x_wconf 90' lang='lat' dir='ltr'>consiliis</span> <span class='ocrx_word' id='word_1_79' title='bbox 606 1359 833 1443; x_wconf 84' lang='lat' dir='ltr'>periculisque</span> <span class='ocrx_word' id='word_1_80' title='bbox 864 1367 1013 1424; x_wconf 88' lang='lat' dir='ltr'>servatos</span> <span class='ocrx_word' id='word_1_81' title='bbox 1044 1382 1104 1444; x_wconf 90' lang='lat' dir='ltr'>pro</span> 
     </span>
     <span class='ocr_line' id='line_1_12' title="bbox 56 1461 1159 1547; baseline 0.005 -22"><span class='ocrx_word' id='word_1_82' title='bbox 56 1485 111 1526; x_wconf 90' lang='lat' dir='ltr'>me</span> <span class='ocrx_word' id='word_1_83' title='bbox 128 1462 212 1526; x_wconf 85' lang='lat' dir='ltr'>obici</span> <span class='ocrx_word' id='word_1_84' title='bbox 229 1462 334 1525; x_wconf 90' lang='lat' dir='ltr'>nolui.</span> <span class='ocrx_word' id='word_1_85' title='bbox 373 1461 456 1525; x_wconf 87' lang='lat' dir='ltr'>Vidi</span> <span class='ocrx_word' id='word_1_86' title='bbox 473 1464 571 1538; x_wconf 88' lang='lat' dir='ltr'>enim,</span> <span class='ocrx_word' id='word_1_87' title='bbox 586 1462 658 1527; x_wconf 88' lang='lat' dir='ltr'>vidi</span> <span class='ocrx_word' id='word_1_88' title='bbox 673 1463 764 1527; x_wconf 92' lang='lat' dir='ltr'>hunc</span> <span class='ocrx_word' id='word_1_89' title='bbox 781 1464 892 1547; x_wconf 91' lang='lat' dir='ltr'>ipsum</span> <span class='ocrx_word' id='word_1_90' title='bbox 905 1462 946 1542; x_wconf 77' lang='lat' dir='ltr'>Q.</span> <span class='ocrx_word' id='word_1_91' title='bbox 961 1463 1105 1529; x_wconf 89' lang='lat' dir='ltr'>Horten·</span> <span class='ocrx_word' id='word_1_92' title='bbox 1119 1467 1159 1530; x_wconf 85' lang='grc'>37</span> 
     </span>
     <span class='ocr_line' id='line_1_13' title="bbox 55 1566 1107 1657; baseline -0.001 -26"><span class='ocrx_word' id='word_1_93' title='bbox 55 1567 286 1657; x_wconf 85' lang='lat' dir='ltr'>sium,lu1nen</span> <span class='ocrx_word' id='word_1_94' title='bbox 309 1574 344 1630; x_wconf 91' lang='lat' dir='ltr'>et</span> <span class='ocrx_word' id='word_1_95' title='bbox 366 1574 598 1631; x_wconf 78' lang='lat' dir='ltr'>ornamentum</span> <span class='ocrx_word' id='word_1_96' title='bbox 623 1568 671 1631; x_wconf 91' lang='lat' dir='ltr'>rei</span> <span class='ocrx_word' id='word_1_97' title='bbox 696 1566 860 1650; x_wconf 85' lang='lat' dir='ltr'>publicae,</span> <span class='ocrx_word' id='word_1_98' title='bbox 878 1588 983 1650; x_wconf 88' lang='lat' dir='ltr'>paene</span> <span class='ocrx_word' id='word_1_99' title='bbox 1008 1568 1107 1632; x_wconf 89' lang='lat' dir='ltr'>inter-</span> 
     </span>
     <span class='ocr_line' id='line_1_14' title="bbox 56 1669 1160 1755; baseline 0.003 -22"><span class='ocrx_word' id='word_1_100' title='bbox 56 1669 113 1734; x_wconf 90' lang='lat' dir='ltr'>fici</span> <span class='ocrx_word' id='word_1_101' title='bbox 137 1691 310 1735; x_wconf 91' lang='lat' dir='ltr'>servorum</span> <span class='ocrx_word' id='word_1_102' title='bbox 333 1691 445 1746; x_wconf 90' lang='lat' dir='ltr'>manu,</span> <span class='ocrx_word' id='word_1_103' title='bbox 470 1691 547 1733; x_wconf 90' lang='lat' dir='ltr'>cum</span> <span class='ocrx_word' id='word_1_104' title='bbox 572 1670 654 1732; x_wconf 90' lang='lat' dir='ltr'>mihi</span> <span class='ocrx_word' id='word_1_105' title='bbox 679 1669 831 1746; x_wconf 84' lang='lat' dir='ltr'>adesset3</span> <span class='ocrx_word' id='word_1_106' title='bbox 859 1692 927 1755; x_wconf 89' lang='lat' dir='ltr'>qua</span> <span class='ocrx_word' id='word_1_107' title='bbox 952 1672 989 1734; x_wconf 94' lang='lat' dir='ltr'>in</span> <span class='ocrx_word' id='word_1_108' title='bbox 1011 1672 1110 1736; x_wconf 90' lang='lat' dir='ltr'>turba</span> <span class='ocrx_word' id='word_1_109' title='bbox 1131 1683 1160 1729; x_wconf 79' lang='lat'>1⁶</span> 
     </span>
     <span class='ocr_line' id='line_1_15' title="bbox 58 1773 1108 1859; baseline 0.003 -21"><span class='ocrx_word' id='word_1_110' title='bbox 58 1773 97 1838; x_wconf 86' lang='lat' dir='ltr'>C.</span> <span class='ocrx_word' id='word_1_111' title='bbox 114 1773 279 1838; x_wconf 89' lang='lat' dir='ltr'>Vibienus</span> <span class='ocrx_word' id='word_1_112' title='bbox 307 1781 450 1849; x_wconf 84' lang='lat' dir='ltr'>senator,</span> <span class='ocrx_word' id='word_1_113' title='bbox 468 1774 521 1838; x_wconf 90' lang='lat' dir='ltr'>vir</span> <span class='ocrx_word' id='word_1_114' title='bbox 544 1774 701 1859; x_wconf 90' lang='lat' dir='ltr'>optimus,</span> <span class='ocrx_word' id='word_1_115' title='bbox 725 1796 803 1838; x_wconf 92' lang='lat' dir='ltr'>cum</span> <span class='ocrx_word' id='word_1_116' title='bbox 828 1774 890 1838; x_wconf 91' lang='lat' dir='ltr'>hoc</span> <span class='ocrx_word' id='word_1_117' title='bbox 919 1797 995 1839; x_wconf 92' lang='lat' dir='ltr'>cum</span> <span class='ocrx_word' id='word_1_118' title='bbox 1018 1784 1108 1841; x_wconf 89' lang='lat' dir='ltr'>esset</span> 
     </span>
     <span class='ocr_line' id='line_1_16' title="bbox 56 1878 1106 1963; baseline 0.002 -21"><span class='ocrx_word' id='word_1_119' title='bbox 56 1900 135 1953; x_wconf 86' lang='lat' dir='ltr'>una,</span> <span class='ocrx_word' id='word_1_120' title='bbox 166 1879 214 1942; x_wconf 91' lang='lat' dir='ltr'>ita</span> <span class='ocrx_word' id='word_1_121' title='bbox 252 1885 304 1942; x_wconf 87' lang='lat' dir='ltr'>est</span> <span class='ocrx_word' id='word_1_122' title='bbox 342 1878 519 1953; x_wconf 88' lang='lat' dir='ltr'>mulcatus,</span> <span class='ocrx_word' id='word_1_123' title='bbox 552 1884 593 1941; x_wconf 92' lang='lat' dir='ltr'>ut</span> <span class='ocrx_word' id='word_1_124' title='bbox 625 1879 730 1942; x_wconf 89' lang='lat' dir='ltr'>vitam</span> <span class='ocrx_word' id='word_1_125' title='bbox 768 1879 926 1942; x_wconf 89' lang='lat' dir='ltr'>amiserit.</span> <span class='ocrx_word' id='word_1_126' title='bbox 985 1879 1106 1963; x_wconf 91' lang='lat' dir='ltr'>Itaque</span> 
     </span>
     <span class='ocr_line' id='line_1_17' title="bbox 57 1981 1102 2066; baseline 0.002 -20"><span class='ocrx_word' id='word_1_127' title='bbox 57 1981 194 2066; x_wconf 70' lang='lat' dir='ltr'>quando</span> <span class='ocrx_word' id='word_1_128' title='bbox 224 1981 316 2045; x_wconf 89' lang='lat' dir='ltr'>illius</span> <span class='ocrx_word' id='word_1_129' title='bbox 347 1989 465 2064; x_wconf 88' lang='lat' dir='ltr'>postea</span> <span class='ocrx_word' id='word_1_130' title='bbox 494 1981 564 2045; x_wconf 88' lang='lat' dir='ltr'>sica</span> <span class='ocrx_word' id='word_1_131' title='bbox 587 1982 654 2057; x_wconf 85' lang='lat' dir='ltr'>illa,</span> <span class='ocrx_word' id='word_1_132' title='bbox 672 2003 773 2065; x_wconf 88' lang='lat' dir='ltr'>quam</span> <span class='ocrx_word' id='word_1_133' title='bbox 801 2003 820 2045; x_wconf 90' lang='lat' dir='ltr'>a</span> <span class='ocrx_word' id='word_1_134' title='bbox 844 1981 991 2046; x_wconf 83' lang='lat' dir='ltr'>Catilina</span> <span class='ocrx_word' id='word_1_135' title='bbox 1013 2005 1102 2048; x_wconf 85' lang='lat' dir='ltr'>acce·</span> 
     </span>
     <span class='ocr_line' id='line_1_18' title="bbox 57 2084 1108 2175; baseline 0.005 -27"><span class='ocrx_word' id='word_1_136' title='bbox 57 2093 163 2171; x_wconf 86' lang='lat' dir='ltr'>perat,</span> <span class='ocrx_word' id='word_1_137' title='bbox 180 2085 403 2171; x_wconf 88' lang='lat' dir='ltr'>conquievit?</span> <span class='ocrx_word' id='word_1_138' title='bbox 449 2084 543 2150; x_wconf 87' lang='lat' dir='ltr'>Haec</span> <span class='ocrx_word' id='word_1_139' title='bbox 567 2085 734 2150; x_wconf 90' lang='lat' dir='ltr'>intentata</span> <span class='ocrx_word' id='word_1_140' title='bbox 754 2085 849 2151; x_wconf 91' lang='lat' dir='ltr'>nobis</span> <span class='ocrx_word' id='word_1_141' title='bbox 866 2094 926 2161; x_wconf 90' lang='lat' dir='ltr'>est,</span> <span class='ocrx_word' id='word_1_142' title='bbox 944 2087 1022 2152; x_wconf 90' lang='lat' dir='ltr'>huic</span> <span class='ocrx_word' id='word_1_143' title='bbox 1045 2109 1108 2175; x_wconf 89' lang='lat' dir='ltr'>ego</span> 
     </span>
     <span class='ocr_line' id='line_1_19' title="bbox 57 2190 1161 2274; baseline 0 -19"><span class='ocrx_word' id='word_1_144' title='bbox 57 2212 119 2256; x_wconf 84' lang='lat' dir='ltr'>vos</span> <span class='ocrx_word' id='word_1_145' title='bbox 136 2190 221 2255; x_wconf 90' lang='lat' dir='ltr'>obici</span> <span class='ocrx_word' id='word_1_146' title='bbox 237 2211 296 2273; x_wconf 90' lang='lat' dir='ltr'>pro</span> <span class='ocrx_word' id='word_1_147' title='bbox 316 2208 371 2253; x_wconf 91' lang='lat' dir='ltr'>me</span> <span class='ocrx_word' id='word_1_148' title='bbox 395 2211 464 2253; x_wconf 94' lang='lat' dir='ltr'>non</span> <span class='ocrx_word' id='word_1_149' title='bbox 486 2211 561 2254; x_wconf 90' lang='lat' dir='ltr'>sum</span> <span class='ocrx_word' id='word_1_150' title='bbox 584 2211 711 2274; x_wconf 88' lang='lat' dir='ltr'>passus,</span> <span class='ocrx_word' id='word_1_151' title='bbox 728 2190 809 2254; x_wconf 90' lang='lat' dir='ltr'>haec</span> <span class='ocrx_word' id='word_1_152' title='bbox 832 2190 990 2256; x_wconf 85' lang='lat' dir='ltr'>insidiata</span> <span class='ocrx_word' id='word_1_153' title='bbox 1012 2191 1110 2257; x_wconf 92' lang='lat' dir='ltr'>Pom·</span> <span class='ocrx_word' id='word_1_154' title='bbox 1130 2209 1161 2255; x_wconf 83' lang='lat' dir='ltr'>ao</span> 
     </span>
     <span class='ocr_line' id='line_1_20' title="bbox 57 2294 1108 2379; baseline 0.004 -23"><span class='ocrx_word' id='word_1_155' title='bbox 57 2295 134 2379; x_wconf 85' lang='lat' dir='ltr'>peio</span> <span class='ocrx_word' id='word_1_156' title='bbox 151 2302 211 2370; x_wconf 92' lang='lat' dir='ltr'>est,</span> <span class='ocrx_word' id='word_1_157' title='bbox 228 2294 310 2358; x_wconf 87' lang='lat' dir='ltr'>haec</span> <span class='ocrx_word' id='word_1_158' title='bbox 326 2295 425 2357; x_wconf 89' lang='lat' dir='ltr'>istam</span> <span class='ocrx_word' id='word_1_159' title='bbox 441 2294 599 2378; x_wconf 88' lang='lat' dir='ltr'>Appiam,</span> <span class='ocrx_word' id='word_1_160' title='bbox 617 2295 859 2360; x_wconf 89' lang='lat' dir='ltr'>monimentum</span> <span class='ocrx_word' id='word_1_161' title='bbox 875 2295 929 2358; x_wconf 92' lang='lat' dir='ltr'>sui</span> <span class='ocrx_word' id='word_1_162' title='bbox 954 2297 1108 2372; x_wconf 89' lang='lat' dir='ltr'>nominis,</span> 
     </span>
     <span class='ocr_line' id='line_1_21' title="bbox 57 2397 1108 2484; baseline 0.003 -23"><span class='ocrx_word' id='word_1_163' title='bbox 57 2420 139 2462; x_wconf 91' lang='lat' dir='ltr'>nece</span> <span class='ocrx_word' id='word_1_164' title='bbox 171 2397 284 2482; x_wconf 88' lang='lat' dir='ltr'>Papiri</span> <span class='ocrx_word' id='word_1_165' title='bbox 315 2399 516 2473; x_wconf 81' lang='lat' dir='ltr'>cruentavit,</span> <span class='ocrx_word' id='word_1_166' title='bbox 541 2398 623 2463; x_wconf 91' lang='lat' dir='ltr'>haec</span> <span class='ocrx_word' id='word_1_167' title='bbox 655 2397 770 2463; x_wconf 88' lang='lat' dir='ltr'>eadem</span> <span class='ocrx_word' id='word_1_168' title='bbox 796 2398 898 2484; x_wconf 87' lang='lat' dir='ltr'>longo</span> <span class='ocrx_word' id='word_1_169' title='bbox 928 2400 1108 2465; x_wconf 86' lang='lat' dir='ltr'>intervallo</span> 
     </span>
     <span class='ocr_line' id='line_1_22' title="bbox 57 2501 1103 2587; baseline 0.002 -20"><span class='ocrx_word' id='word_1_170' title='bbox 57 2522 219 2567; x_wconf 88' lang='lat' dir='ltr'>conversa</span> <span class='ocrx_word' id='word_1_171' title='bbox 244 2523 360 2566; x_wconf 89' lang='lat' dir='ltr'>rursus</span> <span class='ocrx_word' id='word_1_172' title='bbox 385 2508 438 2566; x_wconf 91' lang='lat' dir='ltr'>est</span> <span class='ocrx_word' id='word_1_173' title='bbox 464 2503 500 2565; x_wconf 90' lang='lat' dir='ltr'>in</span> <span class='ocrx_word' id='word_1_174' title='bbox 527 2523 601 2577; x_wconf 86' lang='lat' dir='ltr'>me3</span> <span class='ocrx_word' id='word_1_175' title='bbox 633 2523 741 2587; x_wconf 90' lang='lat' dir='ltr'>nuper</span> <span class='ocrx_word' id='word_1_176' title='bbox 763 2501 909 2586; x_wconf 90' lang='lat' dir='ltr'>quidem,</span> <span class='ocrx_word' id='word_1_177' title='bbox 936 2511 976 2567; x_wconf 86' lang='lat' dir='ltr'>ut</span> <span class='ocrx_word' id='word_1_178' title='bbox 1001 2505 1103 2581; x_wconf 84' lang='lat' dir='ltr'>scitis,</span> 
     </span>
     <span class='ocr_line' id='line_1_23' title="bbox 57 2604 1161 2692; baseline 0.006 -23"><span class='ocrx_word' id='word_1_179' title='bbox 57 2628 112 2671; x_wconf 91' lang='lat' dir='ltr'>me</span> <span class='ocrx_word' id='word_1_180' title='bbox 139 2605 183 2670; x_wconf 88' lang='lat' dir='ltr'>ad</span> <span class='ocrx_word' id='word_1_181' title='bbox 206 2606 333 2692; x_wconf 85' lang='lat' dir='ltr'>regiam</span> <span class='ocrx_word' id='word_1_182' title='bbox 356 2627 461 2690; x_wconf 85' lang='lat' dir='ltr'>paene</span> <span class='ocrx_word' id='word_1_183' title='bbox 486 2605 642 2671; x_wconf 84' lang='lat' dir='ltr'>confecit.</span> <span class='ocrx_word' id='word_1_184' title='bbox 690 2604 783 2685; x_wconf 76' lang='lat' dir='ltr'>Quid</span> <span class='ocrx_word' id='word_1_185' title='bbox 805 2607 914 2671; x_wconf 91' lang='lat' dir='ltr'>simile</span> <span class='ocrx_word' id='word_1_186' title='bbox 940 2606 1105 2672; x_wconf 82' lang='lat' dir='ltr'>Milonis?</span> <span class='ocrx_word' id='word_1_187' title='bbox 1120 2613 1161 2676; x_wconf 78' lang='lat'>3⁸</span> 
     </span>
     <span class='ocr_line' id='line_1_24' title="bbox 58 2709 1161 2794; baseline -0.002 -19"><span class='ocrx_word' id='word_1_188' title='bbox 58 2711 157 2775; x_wconf 91' lang='lat' dir='ltr'>cuius</span> <span class='ocrx_word' id='word_1_189' title='bbox 177 2711 227 2774; x_wconf 90' lang='lat' dir='ltr'>vis</span> <span class='ocrx_word' id='word_1_190' title='bbox 253 2711 361 2774; x_wconf 92' lang='lat' dir='ltr'>omnis</span> <span class='ocrx_word' id='word_1_191' title='bbox 386 2709 467 2775; x_wconf 88' lang='lat' dir='ltr'>haec</span> <span class='ocrx_word' id='word_1_192' title='bbox 493 2732 625 2794; x_wconf 89' lang='lat' dir='ltr'>semper</span> <span class='ocrx_word' id='word_1_193' title='bbox 647 2709 724 2786; x_wconf 87' lang='lat' dir='ltr'>fuit,</span> <span class='ocrx_word' id='word_1_194' title='bbox 742 2732 783 2775; x_wconf 92' lang='lat' dir='ltr'>ne</span> <span class='ocrx_word' id='word_1_195' title='bbox 809 2710 847 2774; x_wconf 93' lang='lat' dir='ltr'>P.</span> <span class='ocrx_word' id='word_1_196' title='bbox 866 2710 1015 2786; x_wconf 83' lang='lat' dir='ltr'>Clodius,</span> <span class='ocrx_word' id='word_1_197' title='bbox 1033 2734 1110 2777; x_wconf 90' lang='lat' dir='ltr'>cum</span> <span class='ocrx_word' id='word_1_198' title='bbox 1131 2728 1161 2773; x_wconf 73' lang='lat'>25</span> 
     </span>
     <span class='ocr_line' id='line_1_25' title="bbox 58 2813 1106 2899; baseline 0.003 -23"><span class='ocrx_word' id='word_1_199' title='bbox 58 2815 96 2877; x_wconf 95' lang='lat' dir='ltr'>in</span> <span class='ocrx_word' id='word_1_200' title='bbox 112 2813 275 2878; x_wconf 90' lang='lat' dir='ltr'>iudicium</span> <span class='ocrx_word' id='word_1_201' title='bbox 291 2813 421 2878; x_wconf 88' lang='lat' dir='ltr'>detrahi</span> <span class='ocrx_word' id='word_1_202' title='bbox 438 2836 506 2878; x_wconf 90' lang='lat' dir='ltr'>non</span> <span class='ocrx_word' id='word_1_203' title='bbox 522 2822 643 2898; x_wconf 84' lang='lat' dir='ltr'>posset,</span> <span class='ocrx_word' id='word_1_204' title='bbox 661 2815 696 2879; x_wconf 90' lang='lat' dir='ltr'>vi</span> <span class='ocrx_word' id='word_1_205' title='bbox 720 2836 911 2899; x_wconf 84' lang='lat' dir='ltr'>oppressam</span> <span class='ocrx_word' id='word_1_206' title='bbox 934 2817 1106 2882; x_wconf 88' lang='lat' dir='ltr'>civitatem</span> 
     </span>
    </p>
   </div>
   <div class='ocr_carea' id='block_1_3' title="bbox 58 2975 1111 3802">
    <p class='ocr_par' dir='ltr' id='par_1_3' title="bbox 58 2975 1111 3726">
     <span class='ocr_line' id='line_1_26' title="bbox 92 2975 1110 3036; baseline 0.002 -10"><span class='ocrx_word' id='word_1_207' title='bbox 92 2976 154 3026; x_wconf 82' lang='grc'>3-8.</span> <span class='ocrx_word' id='word_1_208' title='bbox 181 2975 325 3025; x_wconf 77' lang='lat' dir='ltr'>Clodius:</span> <span class='ocrx_word' id='word_1_209' title='bbox 355 2991 390 3026; x_wconf 89' lang='lat' dir='ltr'>sc.</span> <span class='ocrx_word' id='word_1_210' title='bbox 404 2976 532 3036; x_wconf 79' lang='lat' dir='ltr'>faciebat</span> <span class='ocrx_word' id='word_1_211' title='bbox 548 2992 578 3026; x_wconf 87' lang='lat' dir='ltr'>as</span> <span class='ocrx_word' id='word_1_212' title='bbox 600 2977 645 3025; x_wconf 90' lang='grc'>27.</span> <span class='ocrx_word' id='word_1_213' title='bbox 659 2978 744 3026; x_wconf 87' lang='grc'>11-16.</span> <span class='ocrx_word' id='word_1_214' title='bbox 768 2978 930 3027; x_wconf 87' lang='lat' dir='ltr'>Hortensius</span> <span class='ocrx_word' id='word_1_215' title='bbox 942 2978 995 3027; x_wconf 86' lang='lat' dir='ltr'>had</span> <span class='ocrx_word' id='word_1_216' title='bbox 1007 2979 1110 3029; x_wconf 86' lang='lat' dir='ltr'>headed</span> 
     </span>
     <span class='ocr_line' id='line_1_27' title="bbox 60 3051 1111 3116; baseline 0.001 -14"><span class='ocrx_word' id='word_1_217' title='bbox 60 3053 91 3102; x_wconf 90' lang='lat' dir='ltr'>in</span> <span class='ocrx_word' id='word_1_218' title='bbox 117 3053 128 3110; x_wconf 65' lang='grc' dir='ltr'><strong>ξ</strong></span> <span class='ocrx_word' id='word_1_219' title='bbox 152 3054 191 3102; x_wconf 83' lang='grc'>28.</span> <span class='ocrx_word' id='word_1_220' title='bbox 219 3053 257 3102; x_wconf 87' lang='grc'>18.</span> <span class='ocrx_word' id='word_1_221' title='bbox 299 3051 450 3100; x_wconf 84' lang='lat' dir='ltr'>iudicium</span> <span class='ocrx_word' id='word_1_222' title='bbox 474 3053 578 3100; x_wconf 88' lang='lat' dir='ltr'>timui:</span> <span class='ocrx_word' id='word_1_223' title='bbox 600 3055 648 3104; x_wconf 88' lang='lat' dir='ltr'>the</span> <span class='ocrx_word' id='word_1_224' title='bbox 660 3054 818 3116; x_wconf 81' lang='lat' dir='ltr'>deputation</span> <span class='ocrx_word' id='word_1_225' title='bbox 831 3054 860 3104; x_wconf 83' lang='lat' dir='ltr'>of</span> <span class='ocrx_word' id='word_1_226' title='bbox 877 3056 990 3116; x_wconf 80' lang='lat' dir='ltr'>equites,</span> <span class='ocrx_word' id='word_1_227' title='bbox 1001 3056 1050 3103; x_wconf 89' lang='lat' dir='ltr'>but</span> <span class='ocrx_word' id='word_1_228' title='bbox 1063 3057 1111 3104; x_wconf 85' lang='lat' dir='ltr'>the</span> 
     </span>
     <span class='ocr_line' id='line_1_28' title="bbox 59 3128 1110 3192; baseline 0.002 -13"><span class='ocrx_word' id='word_1_229' title='bbox 59 3129 105 3179; x_wconf 79' lang='lat' dir='ltr'>for</span> <span class='ocrx_word' id='word_1_230' title='bbox 144 3128 261 3178; x_wconf 86' lang='lat' dir='ltr'>Cicero’s</span> <span class='ocrx_word' id='word_1_231' title='bbox 301 3142 363 3177; x_wconf 88' lang='lat' dir='ltr'>own</span> <span class='ocrx_word' id='word_1_232' title='bbox 402 3129 577 3190; x_wconf 86' lang='lat' dir='ltr'>explanation</span> <span class='ocrx_word' id='word_1_233' title='bbox 599 3130 667 3180; x_wconf 84' lang='lat' dir='ltr'>fatal</span> <span class='ocrx_word' id='word_1_234' title='bbox 680 3131 834 3192; x_wconf 74' lang='lat' dir='ltr'>injuriosos</span> <span class='ocrx_word' id='word_1_235' title='bbox 851 3131 983 3180; x_wconf 88' lang='lat' dir='ltr'>Vibienus</span> <span class='ocrx_word' id='word_1_236' title='bbox 1000 3145 1045 3180; x_wconf 90' lang='lat' dir='ltr'>are</span> <span class='ocrx_word' id='word_1_237' title='bbox 1062 3139 1110 3181; x_wconf 89' lang='lat' dir='ltr'>not</span> 
     </span>
     <span class='ocr_line' id='line_1_29' title="bbox 59 3204 1111 3270; baseline 0.001 -15"><span class='ocrx_word' id='word_1_238' title='bbox 59 3206 90 3255; x_wconf 82' lang='lat' dir='ltr'>of</span> <span class='ocrx_word' id='word_1_239' title='bbox 117 3205 160 3253; x_wconf 91' lang='lat' dir='ltr'>his</span> <span class='ocrx_word' id='word_1_240' title='bbox 187 3204 306 3266; x_wconf 85' lang='lat' dir='ltr'>yielding</span> <span class='ocrx_word' id='word_1_241' title='bbox 332 3209 361 3253; x_wconf 87' lang='lat' dir='ltr'>to</span> <span class='ocrx_word' id='word_1_242' title='bbox 389 3205 432 3253; x_wconf 87' lang='lat' dir='ltr'>his</span> <span class='ocrx_word' id='word_1_243' title='bbox 460 3206 577 3254; x_wconf 86' lang='lat' dir='ltr'>enemies</span> <span class='ocrx_word' id='word_1_244' title='bbox 599 3208 743 3256; x_wconf 87' lang='lat' dir='ltr'>elsewhere</span> <span class='ocrx_word' id='word_1_245' title='bbox 765 3207 931 3256; x_wconf 86' lang='lat' dir='ltr'>mentioned.</span> <span class='ocrx_word' id='word_1_246' title='bbox 974 3207 1111 3270; x_wconf 78' lang='lat' dir='ltr'>Appiam</span> 
     </span>
     <span class='ocr_line' id='line_1_30' title="bbox 59 3279 1108 3343; baseline 0.004 -14"><span class='ocrx_word' id='word_1_247' title='bbox 59 3295 105 3330; x_wconf 86' lang='lat' dir='ltr'>see</span> <span class='ocrx_word' id='word_1_248' title='bbox 113 3282 182 3330; x_wconf 85' lang='lat' dir='ltr'>Sest.</span> <span class='ocrx_word' id='word_1_249' title='bbox 194 3281 223 3343; x_wconf 65' lang='grc' dir='ltr'>ἓξ</span> <span class='ocrx_word' id='word_1_250' title='bbox 232 3281 320 3330; x_wconf 79' lang='lat'><strong>36-52.</strong></span> <span class='ocrx_word' id='word_1_251' title='bbox 341 3280 431 3328; x_wconf 90' lang='lat' dir='ltr'>Diem</span> <span class='ocrx_word' id='word_1_252' title='bbox 439 3279 576 3330; x_wconf 84' lang='lat' dir='ltr'>dixerat:</span> <span class='ocrx_word' id='word_1_253' title='bbox 598 3318 603 3330; x_wconf 89' lang='lat'><strong>.</strong></span> <span class='ocrx_word' id='word_1_254' title='bbox 621 3317 627 3332; x_wconf 84' lang='grc'><strong>.</strong></span> <span class='ocrx_word' id='word_1_255' title='bbox 645 3318 650 3330; x_wconf 91' lang='grc'>.</span> <span class='ocrx_word' id='word_1_256' title='bbox 668 3283 858 3332; x_wconf 83' lang='lat' dir='ltr'>cruentavit:</span> <span class='ocrx_word' id='word_1_257' title='bbox 876 3297 920 3332; x_wconf 87' lang='lat' dir='ltr'>see</span> <span class='ocrx_word' id='word_1_258' title='bbox 937 3282 1001 3340; x_wconf 74' lang='lat' dir='ltr'>§ra</span> <span class='ocrx_word' id='word_1_259' title='bbox 1020 3285 1108 3334; x_wconf 80' lang='lat'><strong>24-29.</strong></span> 
     </span>
     <span class='ocr_line' id='line_1_31' title="bbox 60 3356 1111 3424; baseline 0.004 -17"><span class='ocrx_word' id='word_1_260' title='bbox 60 3371 153 3407; x_wconf 88' lang='lat' dir='ltr'>seeon</span> <span class='ocrx_word' id='word_1_261' title='bbox 170 3357 220 3419; x_wconf 84' lang='lat' dir='ltr'>Ep.</span> <span class='ocrx_word' id='word_1_262' title='bbox 235 3357 287 3408; x_wconf 91' lang='lat' dir='ltr'>VI.</span> <span class='ocrx_word' id='word_1_263' title='bbox 307 3357 353 3405; x_wconf 89' lang='grc'>16.</span> <span class='ocrx_word' id='word_1_264' title='bbox 372 3356 410 3406; x_wconf 82' lang='lat'>15.</span> <span class='ocrx_word' id='word_1_265' title='bbox 446 3357 576 3406; x_wconf 86' lang='lat' dir='ltr'>multam</span> <span class='ocrx_word' id='word_1_266' title='bbox 597 3359 1111 3424; x_wconf 66' lang='lat' dir='ltr'>nuperquidsmetc.:nothingmore</span> 
     </span>
     <span class='ocr_line' id='line_1_32' title="bbox 59 3432 1091 3497; baseline 0.004 -12"><span class='ocrx_word' id='word_1_267' title='bbox 59 3434 217 3493; x_wconf 80' lang='lat' dir='ltr'>irrogarat,</span> <span class='ocrx_word' id='word_1_268' title='bbox 242 3432 312 3482; x_wconf 80' lang='lat' dir='ltr'>‘had</span> <span class='ocrx_word' id='word_1_269' title='bbox 336 3432 449 3482; x_wconf 85' lang='lat' dir='ltr'>claimed</span> <span class='ocrx_word' id='word_1_270' title='bbox 466 3448 482 3481; x_wconf 87' lang='lat' dir='ltr'>a</span> <span class='ocrx_word' id='word_1_271' title='bbox 501 3434 573 3484; x_wconf 89' lang='lat' dir='ltr'>fine.&#39;</span> <span class='ocrx_word' id='word_1_272' title='bbox 598 3438 620 3487; x_wconf 90' lang='lat' dir='ltr'>is</span> <span class='ocrx_word' id='word_1_273' title='bbox 633 3438 732 3488; x_wconf 85' lang='lat' dir='ltr'>known</span> <span class='ocrx_word' id='word_1_274' title='bbox 744 3437 774 3485; x_wconf 85' lang='lat' dir='ltr'>of</span> <span class='ocrx_word' id='word_1_275' title='bbox 790 3438 858 3497; x_wconf 87' lang='lat' dir='ltr'>this;</span> <span class='ocrx_word' id='word_1_276' title='bbox 870 3450 914 3486; x_wconf 88' lang='lat' dir='ltr'>see</span> <span class='ocrx_word' id='word_1_277' title='bbox 925 3451 961 3486; x_wconf 89' lang='lat' dir='ltr'>on</span> <span class='ocrx_word' id='word_1_278' title='bbox 973 3438 985 3495; x_wconf 68' lang='grc' dir='ltr'><strong>ξ</strong></span> <span class='ocrx_word' id='word_1_279' title='bbox 997 3441 1036 3489; x_wconf 82' lang='lat'>20.</span> <span class='ocrx_word' id='word_1_280' title='bbox 1051 3440 1091 3488; x_wconf 80' lang='lat' dir='ltr'>tc.</span> 
     </span>
     <span class='ocr_line' id='line_1_33' title="bbox 60 3510 1109 3572; baseline 0.005 -13"><span class='ocrx_word' id='word_1_281' title='bbox 60 3511 145 3560; x_wconf 86' lang='lat' dir='ltr'>What</span> <span class='ocrx_word' id='word_1_282' title='bbox 161 3510 264 3571; x_wconf 77' lang='lat' dir='ltr'>partos</span> <span class='ocrx_word' id='word_1_283' title='bbox 281 3511 380 3572; x_wconf 88' lang='lat' dir='ltr'>speech</span> <span class='ocrx_word' id='word_1_284' title='bbox 399 3511 422 3558; x_wconf 84' lang='lat' dir='ltr'>is</span> <span class='ocrx_word' id='word_1_285' title='bbox 438 3510 575 3560; x_wconf 70' lang='lat' dir='ltr'>occultam?</span> <span class='ocrx_word' id='word_1_286' title='bbox 629 3514 692 3572; x_wconf 66' lang='lat'><strong>538.</strong></span> <span class='ocrx_word' id='word_1_287' title='bbox 712 3512 813 3561; x_wconf 81' lang='lat'>24-29.</span> <span class='ocrx_word' id='word_1_288' title='bbox 831 3510 914 3570; x_wconf 86' lang='lat' dir='ltr'>Quid</span> <span class='ocrx_word' id='word_1_289' title='bbox 932 3513 1033 3563; x_wconf 84' lang='lat' dir='ltr'>simile</span> <span class='ocrx_word' id='word_1_290' title='bbox 1050 3515 1109 3563; x_wconf 78' lang='lat' dir='ltr'>Mr-</span> 
     </span>
     <span class='ocr_line' id='line_1_34' title="bbox 58 3585 1110 3649; baseline 0.003 -14"><span class='ocrx_word' id='word_1_291' title='bbox 58 3585 247 3644; x_wconf 83' lang='lat' dir='ltr'>intenderat,</span> <span class='ocrx_word' id='word_1_292' title='bbox 262 3586 331 3636; x_wconf 84' lang='lat' dir='ltr'>‘had</span> <span class='ocrx_word' id='word_1_293' title='bbox 341 3587 530 3636; x_wconf 84' lang='lat' dir='ltr'>threatened:&#39;</span> <span class='ocrx_word' id='word_1_294' title='bbox 545 3602 575 3637; x_wconf 92' lang='lat' dir='ltr'>so</span> <span class='ocrx_word' id='word_1_295' title='bbox 596 3589 693 3637; x_wconf 79' lang='lat' dir='ltr'>lonis:</span> <span class='ocrx_word' id='word_1_296' title='bbox 711 3589 745 3638; x_wconf 82' lang='lat' dir='ltr'>of.</span> <span class='ocrx_word' id='word_1_297' title='bbox 760 3587 809 3639; x_wconf 87' lang='lat' dir='ltr'>IV.</span> <span class='ocrx_word' id='word_1_298' title='bbox 822 3587 868 3635; x_wconf 77' lang='lat'>13.</span> <span class='ocrx_word' id='word_1_299' title='bbox 880 3588 920 3644; x_wconf 74' lang='lat'>47,</span> <span class='ocrx_word' id='word_1_300' title='bbox 934 3589 987 3637; x_wconf 84' lang='lat' dir='ltr'>and</span> <span class='ocrx_word' id='word_1_301' title='bbox 1003 3604 1039 3638; x_wconf 87' lang='lat' dir='ltr'>sc.</span> <span class='ocrx_word' id='word_1_302' title='bbox 1047 3591 1110 3649; x_wconf 86' lang='lat' dir='ltr'>sac·</span> 
     </span>
     <span class='ocr_line' id='line_1_35' title="bbox 59 3662 1109 3726; baseline 0.002 -16"><span class='ocrx_word' id='word_1_303' title='bbox 59 3665 89 3711; x_wconf 91' lang='lat' dir='ltr'>in</span> <span class='ocrx_word' id='word_1_304' title='bbox 102 3664 171 3712; x_wconf 88' lang='lat' dir='ltr'>Sest.</span> <span class='ocrx_word' id='word_1_305' title='bbox 185 3663 231 3710; x_wconf 80' lang='lat'>42.</span> <span class='ocrx_word' id='word_1_306' title='bbox 244 3663 268 3712; x_wconf 83' lang='lat'>9.</span> <span class='ocrx_word' id='word_1_307' title='bbox 598 3669 654 3715; x_wconf 84' lang='lat' dir='ltr'>tum</span> <span class='ocrx_word' id='word_1_308' title='bbox 679 3664 779 3726; x_wconf 78' lang='lat' dir='ltr'>(noun)</span> <span class='ocrx_word' id='word_1_309' title='bbox 798 3664 867 3724; x_wconf 81' lang='lat' dir='ltr'>suit.</span> <span class='ocrx_word' id='word_1_310' title='bbox 904 3664 936 3712; x_wconf 87' lang='lat' dir='ltr'>in</span> <span class='ocrx_word' id='word_1_311' title='bbox 958 3662 1109 3721; x_wconf 76' lang='lat' dir='ltr'>iudicium</span> 
     </span>
    </p>

    <p class='ocr_par' dir='ltr' id='par_1_4' title="bbox 92 3736 1107 3802">
     <span class='ocr_line' id='line_1_36' title="bbox 92 3736 1107 3802; baseline 0.011 -16"><span class='ocrx_word' id='word_1_312' title='bbox 92 3738 157 3796; x_wconf 74' lang='lat'>§37-</span> <span class='ocrx_word' id='word_1_313' title='bbox 176 3737 278 3786; x_wconf 75' lang='lat'>13-28.</span> <span class='ocrx_word' id='word_1_314' title='bbox 307 3737 342 3796; x_wconf 86' lang='lat' dir='ltr'>Q.</span> <span class='ocrx_word' id='word_1_315' title='bbox 361 3736 574 3796; x_wconf 79' lang='lat' dir='ltr'>Hortensium,</span> <span class='ocrx_word' id='word_1_316' title='bbox 596 3754 660 3791; x_wconf 91' lang='lat' dir='ltr'>non</span> <span class='ocrx_word' id='word_1_317' title='bbox 670 3743 794 3802; x_wconf 80' lang='lat' dir='ltr'>posset:</span> <span class='ocrx_word' id='word_1_318' title='bbox 811 3740 854 3798; x_wconf 78' lang='lat' dir='ltr'>for</span> <span class='ocrx_word' id='word_1_319' title='bbox 865 3741 912 3797; x_wconf 87' lang='lat' dir='ltr'>the</span> <span class='ocrx_word' id='word_1_320' title='bbox 923 3740 979 3795; x_wconf 81' lang='lat' dir='ltr'>fact</span> <span class='ocrx_word' id='word_1_321' title='bbox 991 3739 1025 3794; x_wconf 80' lang='lat' dir='ltr'>cf.</span> <span class='ocrx_word' id='word_1_322' title='bbox 1038 3740 1107 3796; x_wconf 77' lang='lat' dir='ltr'>sest.</span> 
     </span>
    </p>
   </div>
   <div class='ocr_carea' id='block_1_4' title="bbox 59 3814 746 3874">
    <p class='ocr_par' dir='ltr' id='par_1_5' title="bbox 59 3814 746 3874">
     <span class='ocr_line' id='line_1_37' title="bbox 59 3814 746 3874; baseline 0.001 -7"><span class='ocrx_word' id='word_1_323' title='bbox 59 3814 261 3871; x_wconf 56' lang='lat' dir='ltr'>ambierint:</span> <span class='ocrx_word' id='word_1_324' title='bbox 273 3816 317 3871; x_wconf 84' lang='lat' dir='ltr'>for</span> <span class='ocrx_word' id='word_1_325' title='bbox 329 3817 375 3868; x_wconf 83' lang='lat' dir='ltr'>the</span> <span class='ocrx_word' id='word_1_326' title='bbox 384 3817 441 3868; x_wconf 78' lang='lat' dir='ltr'>fact</span> <span class='ocrx_word' id='word_1_327' title='bbox 451 3829 495 3870; x_wconf 89' lang='lat' dir='ltr'>see</span> <span class='ocrx_word' id='word_1_328' title='bbox 504 3815 572 3869; x_wconf 86' lang='lat' dir='ltr'>Sest.</span> <span class='ocrx_word' id='word_1_329' title='bbox 596 3816 642 3868; x_wconf 82' lang='grc'>89.</span> <span class='ocrx_word' id='word_1_330' title='bbox 659 3818 746 3874; x_wconf 81' lang='lat'><strong>20-23.</strong></span> 
     </span>
    </p>
   </div>
   <div class='ocr_carea' id='block_1_5' title="bbox 0 0 1346 4260">
    <p class='ocr_par' dir='ltr' id='par_1_6' title="bbox 0 0 1346 4260">
     <span class='ocr_line' id='line_1_38' title="bbox 0 0 1346 4260; baseline 0 0"><span class='ocrx_word' id='word_1_331' title='bbox 0 0 1346 4260; x_wconf 95' lang='lat' dir='ltr'> </span> 
     </span>
    </p>
   </div>
  </div>
 </body>
</html>
