2678 4260
424 243 503 295 cnr.
530 246 616 307 1010,
641 246 656 306 s
678 245 765 298 3437.
1099 239 1159 302 111

59 415 235 480 Herennio
266 416 415 501 superari
446 437 542 501 posse
569 415 749 481 arbitratus
776 418 853 482 est?
885 418 1111 502 0110001-

59 520 172 583 tulum
195 519 416 597 humanitate,
440 521 616 605 sapientia,
633 522 826 607 integritate
851 522 1107 588 antecellentem

59 645 79 686 a
95 623 159 688 Cn.
177 624 320 688 Mallio?
341 626 417 709 quis
431 624 479 687 M.
491 623 663 701 Scaurum,
680 625 847 690 hominem
863 628 1107 712 gravissimum,

59 729 170 793 civem
185 730 369 815 egregium,
387 727 606 793 fortissimum
622 738 819 807 senatorem,
836 751 855 793 a
872 730 914 809 Q.
932 729 1107 796 Maximo?
1132 750 1162 794 20

60 832 138 896 Non
163 831 262 896 modo
284 833 403 897 horum
431 833 515 896 nihil
543 835 590 898 ita
617 833 688 899 iore
713 842 871 919 putatum
896 844 957 910 est,
983 836 1107 902 sedne

59 958 139 1000 cum
154 944 244 1001 esset
265 935 393 1002 factum
418 937 565 1022 quidem,
589 960 692 1022 quare
718 940 765 1003 ita
788 938 916 1003 iactum
939 949 1037 1016 esset,
1062 943 1109 1005 in-

59 1040 178 1127 tellegi
208 1043 330 1126 potuit.
377 1042 473 1118 Nam,
509 1051 549 1107 ut
578 1051 794 1128 tempestates
818 1066 916 1128 saepe
940 1053 1029 1111 certo
1053 1047 1110 1109 ali·

59 1166 130 1229 quo
154 1146 237 1210 caeli
262 1147 358 1232 signo
382 1154 646 1223 commoventur,
677 1169 774 1233 saepe
806 1150 986 1233 improviso
1015 1151 1113 1214 nulla

59 1258 217 1315 exserta
247 1251 375 1315 ratione
408 1250 549 1316 obscura
576 1253 690 1337 aliqua
714 1275 756 1317 ex
782 1275 881 1317 causa
906 1255 1107 1330 excitantur,
1131 1271 1160 1316 05

57 1355 107 1418 sic
137 1355 173 1417 in
203 1353 264 1419 hac
295 1357 506 1420 comitiorum
534 1364 733 1442 tempestate
761 1359 915 1442 populari
940 1380 1037 1443 saepe
1061 1361 1109 1422 in-

59 1459 211 1545 tellegas,
246 1481 313 1544 quo
343 1461 440 1548 signo
472 1470 638 1526 commota
667 1464 722 1538 sit,
753 1484 851 1547 saepe
882 1464 929 1526 ita
967 1463 1108 1528 obscura

58 1570 121 1640 est,
137 1570 272 1629 utcasu
289 1565 436 1629 excitata
459 1587 530 1630 esse
556 1566 722 1631 videatur.
768 1584 875 1631 xvnr.
908 1566 974 1631 Sed
997 1575 1107 1633 tamen
1119 1572 1158 1634 37

58 1668 87 1731 si
115 1675 167 1732 est
181 1667 352 1733 reddenda
367 1670 462 1746 ratio,
479 1669 565 1734 duae
583 1692 634 1734 res
654 1670 870 1735 vehementer
892 1672 927 1733 in
950 1679 1108 1756 praetura

60 1770 268 1837 desideratae
298 1781 389 1849 sunt,
422 1795 508 1859 quae
540 1773 654 1838 ambae
686 1776 720 1837 in
752 1775 930 1839 consulatu
962 1776 1105 1839 multum

60 1875 222 1941 Murenae
245 1876 456 1961 profuerunt,
474 1900 541 1942 una
564 1881 756 1963 expectatio
780 1881 938 1954 muneris,
963 1901 1049 1964 quae
1073 1889 1108 1945 et

58 2001 191 2046 rumore
217 2003 282 2045 non
315 1981 409 2046 nullo
440 1988 475 2047 et
504 1983 626 2047 studiis
650 1983 927 2068 sermonibusque
951 1987 1107 2070 competi·
1143 2001 1159 2046 a

58 2093 170 2149 torum
196 2093 356 2162 creverat,
380 2086 496 2163 altera,
525 2086 617 2171 quod
640 2089 673 2163 ii,
698 2110 783 2172 quos
806 2090 840 2150 in
868 2090 1039 2172 provincia
1069 2111 1106 2154 ac

57 2190 227 2276 legatione
250 2192 358 2255 omnis
380 2198 417 2255 et
448 2189 657 2255 liberalitatis
681 2201 716 2256 et
743 2193 878 2256 virtutis
905 2213 985 2256 suae
1010 2195 1105 2258 testis

58 2293 231 2373 habuerat,
259 2295 410 2360 nondum
439 2295 659 2360 decesserant.
707 2296 838 2359 Horum
869 2305 1051 2380 utrumque
1076 2299 1106 2361 ei

58 2398 196 2464 fortuna
218 2399 261 2464 ad
285 2400 480 2465 consulatus
506 2401 702 2484 petitionem
726 2401 919 2465 reservavit.
964 2401 1050 2464 Nam
1073 2412 1108 2466 et

89 2555 135 2604 19.
153 2555 196 2604 M
217 2554 371 2605 Scaurum
400 2555 425 2618 (ξ
455 2556 492 2605 16.
520 2555 572 2616 27),
597 2554 652 2617 (see
680 2570 715 2604 on
744 2557 757 2617 ᾖ
787 2557 824 2605 18.
849 2555 892 2617 21)
923 2557 995 2605 01101
1021 2556 1109 2619 Sulpi-

58 2632 202 2682 candidate
214 2633 257 2682 for
271 2633 325 2681 116.
361 2631 449 2681 There
461 2633 483 2681 is
496 2633 575 2682 noth·
596 2633 661 2682 eins.

58 2709 106 2771 ing
126 2713 157 2758 to
175 2709 208 2758 be
227 2708 286 2759 said
309 2709 338 2758 01
360 2709 407 2759 1110
427 2709 574 2759 successful
627 2708 653 2765 4,
665 2708 690 2756 5.
708 2709 850 2765 muneris,
875 2708 983 2768 ‘show,’
1005 2709 1108 2758 ‘enter-

58 2785 234 2848 competitors
262 2785 419 2835 mentioned
448 2785 521 2847 here,
545 2801 574 2835 as
596 2785 748 2834 tainment.'
810 2785 931 2841 studiis,
961 2784 1109 2848 ί1101110011-

59 2861 155 2911 Cicero
164 2863 214 2912 has
225 2862 341 2912 selected
358 2862 434 2912 them
446 2876 477 2912 as
494 2863 574 2926 insig-
596 2862 676 2925 ship’
712 2861 851 2911 Murena’s
873 2864 1055 2924 competitore,
1074 2864 1108 2925 by

58 2938 174 2988 nificant
186 2939 322 2990 nobodies.
596 2941 685 3001 trying
694 2944 722 2987 10
732 2938 842 2987 ridicule
852 2939 899 2987 the
909 2939 968 2987 idea
977 2939 1006 2987 01
1017 2954 1108 3002 gemes

89 3015 192 3064 21-24.
208 3014 330 3075 horum:
348 3029 391 3065 see
408 3030 444 3065 on
461 3015 509 3077 11,
527 3016 573 3066 18.
595 3023 624 3065 to
636 3016 667 3065 be
676 3017 755 3079 given
765 3015 875 3076 byhim,
885 3016 938 3064 had
948 3016 1026 3065 made
1034 3017 1107 3065 them

57 3093 97 3142 20.
133 3090 214 3141 caeli
232 3092 327 3154 signo,
347 3091 571 3155 ‘constellation,'
595 3093 641 3140 the
655 3092 711 3140 talk
723 3093 753 3141 oi
764 3093 810 3140 1110
821 3097 903 3141 town.

57 3183 74 3218 a
85 3170 264 3233 superstition
276 3169 399 3219 confined
412 3170 440 3218 in
450 3184 499 3220 our
507 3172 573 3220 time
626 3168 687 3217 6—8.
704 3170 733 3226 ii,
746 3181 826 3231 quos
837 3205 843 3217 .
855 3204 861 3216 .
874 3169 1006 3218 ,01110101
1023 3175 1105 3220 trans.

58 3247 145 3296 tothe
158 3247 292 3310 ignorant.
593 3260 623 3295 as
637 3247 777 3308 suggested
795 3261 831 3296 on
849 3247 863 3307 ᾖ
882 3247 919 3295 12.
933 3247 1021 3296 16-28.
1056 3246 1108 3295 de·

88 3323 136 3371 27.
154 3321 291 3372 obscure
302 3325 366 3371 est:
378 3337 414 3372 sc.
426 3325 571 3384 tempestas
593 3326 759 3378 cesserant,
770 3323 848 3372 when
857 3323 892 3372 110
902 3337 956 3372 was
964 3323 1107 3372 candidate

58 3402 202 3458 commota,
241 3397 307 3448 ‘the
340 3412 420 3448 cause
458 3400 488 3449 01
524 3401 570 3450 1110
592 3401 635 3449 101
652 3407 767 3462 praetor.
814 3399 881 3448 This
899 3401 922 3449 is
939 3400 986 3449 the
1003 3399 1107 3462 regular

57 3475 177 3526 storm:'
199 3489 245 3526 see
266 3488 302 3524 on
324 3474 415 3526 Dies.
436 3512 442 3524 .
462 3511 468 3524 .
487 3479 536 3539 int,
556 3478 570 3538 ,1
592 3478 655 3526 verb
672 3482 700 3524 to
716 3477 813 3524 denote
831 3476 877 3524 the
894 3483 938 3526 aet
954 3476 984 3525 01
1001 3476 1107 3539 leaving

55 3552 92 3602 35.
106 3554 130 3605 8.
590 3568 607 3603 0
634 3555 759 3615 province
787 3553 830 3601 for
857 3553 950 3602 Rome.
986 3552 1106 3602 Horum

590 3632 769 3689 utrumque:
787 3629 850 3689 they
862 3642 907 3678 are
924 3629 1006 3678 taken
1024 3642 1061 3691 up
1078 3630 1106 3677 in

83 3709 97 3770 5
121 3708 163 3760 37.
185 3705 212 3753 2
230 3703 319 3761 ratio,
351 3705 567 3768 ‘explanation;’
591 3707 695 3754 inverse
723 3705 801 3754 order
823 3706 851 3757 in
880 3706 927 3758 the
955 3711 1020 3754 next
1047 3719 1107 3756 sen-

51 3782 104 3848 te,
130 3783 197 3851 why
222 3781 338 3833 Murena
361 3795 415 3835 was
442 3782 569 3848 returned
591 3788 676 3836 tence.
