2678 4260
445 261 525 318 err.
550 261 606 327 aa,
631 259 645 329 s
667 260 724 319 a-s.
881 236 883 240 ’
1122 249 1164 320 87

64 439 195 526 impetu
218 463 291 506 esse
315 438 507 513 confideres
528 438 705 502 sensistine
732 437 823 500 illam
848 437 1012 501 coloniam
1040 460 1112 502 meo
1136 451 1164 496 as

64 548 160 611 iussu
182 547 264 610 meis
288 542 471 628 praesidiis,
489 540 661 615 custodiis,
680 541 805 624 vigiliis
828 562 899 604 esse
925 543 1112 606 munitam?

65 650 160 714 Nihil
184 650 267 735 agis,
291 647 376 710 nibil
402 646 539 720 moliris,
564 644 648 707 nihil
676 645 812 728 cogitas,
839 644 930 728 quod
957 667 1024 710 non
1051 669 1114 734 ego

64 777 134 819 non
151 754 249 818 modo
265 751 408 826 audiam,
425 749 601 814 sedetiam
624 748 755 813 videam
779 749 944 833 planeque
960 753 1113 816 sentiam.

65 876 115 922 IV.
151 859 366 944 Recognosce
394 853 530 918 tandem
556 874 688 916 mecum
713 860 844 916 noctem
870 853 961 916 illam
991 858 1116 940 superi·

66 984 174 1038 orem3
199 962 265 1025 iam
281 958 459 1044 intelleges
476 957 582 1019 multo
599 977 650 1020 me
668 956 807 1041 vigilare
833 959 943 1022 acrius
966 958 1008 1022 ad
1030 961 1115 1024 salu·

66 1075 136 1130 tem
152 1086 253 1150 quam
269 1071 302 1128 te
318 1063 361 1126 ad
376 1061 558 1146 perniciem
573 1061 622 1124 rei
638 1058 800 1143 publicae.
850 1061 936 1126 Dico
951 1070 984 1127 te
1006 1065 1114 1148 priore

67 1178 166 1234 nocte
198 1169 328 1233 venisse
356 1167 445 1230 inter
475 1164 627 1228 falcarios
657 1167 743 1247 (non
772 1186 867 1251 agam
892 1165 1051 1250 obscure)
1080 1168 1114 1231 in

69 1274 116 1336 M.
135 1273 260 1337 Laecae
284 1269 439 1344 domum;
464 1268 659 1333 convenisse
687 1267 803 1331 eodem
826 1271 1014 1354 complures
1033 1273 1117 1337 eius-
1152 1283 1167 1328 ⁶

68 1376 144 1442 dem
160 1376 324 1440 amentiae
340 1374 543 1456 scelerisque
565 1371 682 1434 socios.
730 1371 821 1435 Num
844 1395 964 1459 negare
988 1375 1116 1440 audes?

69 1480 152 1566 quid
177 1479 291 1544 taces?
337 1477 552 1550 Convincam,
580 1476 608 1538 si
636 1495 748 1560 negas.
796 1476 906 1542 Video
933 1480 1022 1543 enim
1045 1502 1115 1545 esse

68 1585 123 1648 hic
150 1585 195 1662 in,
212 1589 331 1647 senatu
362 1579 534 1665 quosdam,
562 1579 622 1663 qui
654 1585 765 1642 tecum
797 1602 864 1645 una
891 1581 1040 1647 fuerunt.
1087 1583 1153 1650 09

69 1688 104 1751 di
128 1684 342 1750 inmortales!
367 1684 502 1748 ubinam
529 1683 681 1768 gentium
710 1686 851 1749 sumus?
886 1688 920 1749 in
942 1708 1009 1772 qua
1036 1687 1117 1752 urbe

69 1791 241 1856 vivimus?
264 1810 365 1874 quam
380 1810 448 1853 rem
465 1786 634 1871 publicam
651 1785 837 1853 habemus?
875 1790 951 1867 Hic,
969 1791 1021 1857 hic
1037 1800 1119 1856 sunt
1141 1804 1170 1849 10

69 1898 105 1960 in
127 1903 241 1960 nostro
265 1914 413 1968 numero,
431 1899 540 1976 patres
565 1893 754 1976 conscripti,
772 1894 806 1955 in
831 1895 892 1959 hoc
909 1895 996 1960 orbis
1012 1904 1118 1962 terrae

68 2001 280 2065 sanctissimo
302 1997 567 2085 gravissimoque
592 1997 741 2072 consilio,
768 1999 827 2082 qui
850 1996 892 2064 de
916 2007 1030 2065 nostro
1054 2022 1120 2065 om·

71 2210 141 2258 lam
153 2209 235 2271 going
249 2212 278 2256 to
295 2205 381 2268 say?’
415 2204 582 2259 Praeneate,
609 2201 722 2251 riorem
740 2208 867 2254 noctem
881 2209 1013 2268 :priore
1032 2212 1118 2270 nocte,

70 2291 173 2346 twenty
190 2282 266 2332 miles
283 2281 434 2330 south-east
450 2281 479 2328 ci
499 2279 582 2326 llome
609 2279 625 2327 l.
636 2280 660 2339 3,
675 2282 748 2329 what
761 2282 861 2344 night?

71 2363 98 2410 in
122 2362 171 2410 the
193 2359 332 2409 Hernican
356 2354 519 2404 rnonntains.
557 2353 583 2402 h
641 2355 667 2413 4,
680 2357 705 2404 5.
722 2357 803 2406 inter
814 2358 967 2419 falcarios,
981 2360 1057 2411 ‘into
1074 2363 1121 2412 the

71 2437 126 2487 hed
147 2437 213 2487 been
234 2435 280 2484 the
300 2433 351 2483 last
374 2429 532 2492 sironghold
554 2428 584 2478 oi
610 2439 692 2482 street
704 2435 733 2482 oi
747 2435 794 2484 the
806 2437 1024 2499 seytlremahers.'
1059 2439 1122 2489 Sev-

71 2515 119 2562 the
130 2527 250 2576 younger
261 2511 363 2560 Marius
377 2509 405 2558 in
423 2509 463 2566 82,
477 2506 530 2554 and
548 2519 583 2552 on
610 2507 665 2556 eral
682 2514 777 2558 streete
794 2510 824 2559 of
845 2511 929 2560 horne
946 2527 1014 2562 were
1036 2513 1120 2563 called

74 2589 108 2638 its
117 2583 584 2651 capitulationSullahadputmcst
612 2585 682 2634 after
708 2586 755 2635 the
783 2588 935 2638 madesmei,
963 2591 1024 2640 who
1051 2591 1122 2640 lived

72 2664 102 2713 oi
119 2664 154 2713 its
166 2664 276 2713 citizens
292 2667 321 2712 to
338 2661 427 2711 death.
463 2659 506 2707 Hc
523 2658 584 2706 snb·
613 2675 686 2723 upon
697 2662 778 2711 them.
814 2663 1121 2727 Fortheprepositional

72 2738 215 2800 sequently
230 2736 394 2786 established
417 2749 468 2784 one
491 2734 520 2784 oi
542 2732 584 2781 his
611 2739 708 2801 phrase
724 2753 753 2788 as
770 2754 785 2787 a
802 2754 881 2789 name
898 2744 932 2790 ei.
952 2742 999 2791 the
1016 2743 1123 2792 famous

71 2812 191 2862 coionles
208 2826 243 2861 011
261 2812 296 2862 ils
312 2813 372 2872 site,
393 2810 446 2859 anti
465 2808 584 2859 Catilina
612 2829 716 2863 avenne
728 2815 757 2862 of
773 2814 864 2864 Berlin
879 2815 1045 2866 ‘Untel'den
1060 2819 1124 2867 Lin-

72 2888 161 2952 hoped
173 2893 202 2937 to
214 2902 261 2938 use
273 2886 491 2937 itasafortiiied
505 2891 574 2947 post.
611 2890 681 2940 den!
716 2890 749 2938 in
773 2890 815 2938 Μ.
842 2890 960 2940 Laecae
989 2892 1122 2941 domum.

103 2963 151 3013 26.
167 2964 338 3027 praesidiis.
372 2964 585 3026 Synonyms:
613 2966 698 3015 When
718 2967 908 3028 accompaniod
931 2968 966 3029 by
983 2982 999 3016 a
1021 2982 1123 3030 posses·

69 3041 214 3102 praesidia
242 3055 259 3090 a
288 3039 443 3104 ‘garrison,’
474 3054 509 3088 on
538 3041 585 3088 the
613 3047 668 3095 sive
680 3059 802 3108 prononn
815 3044 1002 3106 oragenitive
1018 3044 1123 3093 domum

73 3117 158 3179 walls,
183 3118 324 3168 custodiae
347 3118 394 3165 the
418 3115 582 3176 ‘sentinela’
615 3119 752 3183 (winther)
767 3134 828 3181 nray
840 3133 871 3168 or
883 3133 945 3180 may
957 3124 1005 3166 not
1022 3119 1123 3167 havea

72 3196 167 3244 attha
186 3200 270 3257 gates,
291 3193 404 3255 vigiliae
423 3193 470 3242 the
492 3191 587 3255 ‘night
615 3199 787 3260 proposition.

73 3270 181 3320 walch!
645 3275 693 3335 §h
717 3272 742 3322 9.
766 3273 893 3322 ubinam
937 3271 1123 3333 gentium,

105 3346 295 3410 Explainease
312 3346 342 3396 of
358 3344 501 3406 caedisti,
514 3344 585 3393 luce
615 3351 720 3399 ‘where
745 3351 772 3398 in
795 3351 841 3400 the
867 3348 969 3399 world!
1005 3347 1072 3398 Case
1094 3348 1124 3397 oi

72 3423 97 3485 7,
115 3426 148 3472 te
172 3424 212 3481 19,
231 3423 351 3484 impetu
373 3424 413 3482 25,
434 3420 520 3483 quod
543 3421 586 3481 273
613 3428 732 3487 pentima
751 3427 784 3475 Α.
804 3428 860 3486 216,
875 3427 933 3487 c43
951 3425 983 3475 G.
1002 3425 1059 3484 366,
1077 3424 1122 3476 3Ἰ1

72 3500 154 3550 mood
177 3500 208 3549 oi
229 3501 380 3561 expectes
406 3500 429 3559 2,
449 3497 587 3546 oblivia·
613 3505 641 3563 4;
659 3503 693 3551 H.
708 3502 794 3563 39ῖ4;
809 3501 841 3553 Β,
856 3503 936 3554 2013,

72 3589 144 3626 cere
172 3578 197 3637 5,
220 3574 344 3625 fumus
366 3577 451 3624 esset
477 3576 515 3633 10,
543 3585 588 3622 re·
645 3577 690 3625 12.
707 3579 816 3625 nostro
829 3577 972 3625 omnium.
1006 3577 1064 3626 The
1079 3576 1125 3626 ad-

72 3653 296 3702 mansissemus
307 3652 347 3713 22,
358 3651 482 3700 audiam
494 3651 533 3700 28.
613 3653 712 3714 jective
724 3666 814 3713 agrees
826 3651 891 3699 with
910 3653 956 3701 the
974 3666 1034 3714 gen.
1048 3651 1084 3714 pl.
1096 3652 1126 3701 oi

614 3728 661 3776 the
683 3726 806 3789 persona]
826 3740 949 3788 pronoun
969 3727 1078 3788 implied
1096 3727 1125 3775 in

104 3805 130 3856 L
146 3803 284 3862 tandem,
293 3803 436 3866 seeon§l.
448 3803 470 3852 1.
500 3813 589 3865 supe·
614 3801 661 3851 the
678 3801 825 3864 possessive
837 3803 948 3863 nostro;
964 3813 1009 3850 see
1020 3802 1034 3862 6
1046 3800 1070 3863 7,
1083 3802 1124 3862 22,
