2678 4260
406 253 486 304 cnr.
511 253 600 316 sesa,
625 253 640 314 i
663 253 782 304 ris-120.
1101 239 1166 305 529
1196 297 1199 302 .

63 436 167 504 retur,
193 425 285 511 quod
307 432 367 489 aut
393 425 558 510 populum
585 425 781 489 universum
805 423 940 511 fugeret
962 432 1022 490 aut
1044 447 1111 490 nou

62 533 268 617 exprimeret
283 531 355 614 ipse
372 537 473 594 actor.
521 528 566 594 Et
582 550 706 614 quaeso
728 529 790 592 hoc
813 529 898 606 loce,
914 529 1053 606 iudices,
1070 535 1205 617 ne119¹

62 657 130 721 qua
154 636 293 700 levitate
321 655 373 698 me
401 633 542 697 ductum
568 633 611 697 ad
637 634 811 697 insolitum
840 655 947 720 genus
978 633 1113 698 dicendi
1135 650 1163 696 31

62 739 130 804 labi
154 739 292 825 putetis,
309 739 338 802 si
366 737 407 803 de
434 738 554 822 poitis
571 737 612 803 de
640 736 869 815 histrionibus,
894 738 935 804 de
959 737 1049 803 ludis
1072 739 1109 802 in

61 843 187 908 iudicio
203 844 332 927 loquar.

106 965 178 1012 LVI.
210 946 287 1010 Non
314 966 391 1010 sum
416 952 483 1009 tam
508 947 654 1032 ignarus,
680 945 818 1022 iudices,
838 968 1024 1023 causarum,
1041 968 1109 1011 non
1165 1009 1168 1014 .

61 1060 131 1116 tam
147 1052 293 1115 insolens
316 1051 351 1112 in
376 1049 529 1126 dicendo,
546 1057 585 1114 ut
601 1051 690 1113 omni
715 1072 756 1114 ex
780 1072 900 1136 genere
925 1052 1108 1115 orationem

61 1177 209 1239 aucuper
224 1161 260 1218 et
275 1175 390 1218 omnes
406 1152 558 1237 undique
575 1151 731 1218 flosculos
749 1175 879 1238 carpam
905 1163 1006 1239 atque
1031 1154 1111 1219 deli-

60 1258 147 1322 bem.
194 1256 280 1334 seio,
298 1256 382 1342 quid
405 1258 554 1343 gravitas
574 1264 694 1334 vestra,
712 1257 795 1342 quid
818 1258 898 1323 haec
923 1258 1108 1335 advocatio,

61 1362 145 1447 quid
167 1361 224 1426 ille
250 1368 448 1438 conventus,
466 1360 550 1447 quid
573 1360 720 1447 dignitas
744 1361 782 1425 P.
807 1360 906 1438 Sesti,
923 1362 1006 1447 quid
1028 1365 1111 1447 peri·
1147 1379 1163 1424 t

60 1466 129 1530 culi
146 1464 354 1552 magnitudo,
372 1465 456 1551 quid
476 1473 579 1543 aetas,
596 1465 679 1550 quid
701 1465 807 1530 honos
831 1488 925 1530 meus
948 1467 1108 1550 postulet.

60 1569 128 1634 Sed
144 1571 226 1632 mihi
242 1571 369 1654 sumpsi
386 1570 448 1634 hoc
461 1571 535 1634 loeo
548 1569 734 1634 doctrinam
747 1570 915 1655 quandam
928 1571 1108 1648 iuventuti,
1179 1608 1182 1637 <1

60 1676 253 1759 quiessent
276 1682 476 1758 optumates.
523 1674 564 1736 In
592 1696 630 1738 ea
657 1673 856 1758 explicanda
883 1674 1110 1739 demonstran·
1180 1717 1182 1720 >

60 1777 141 1841 dum
154 1785 206 1842 est
221 1799 288 1841 non
305 1799 376 1842 esse
393 1778 564 1863 popularis
577 1777 684 1841 omnis
701 1799 767 1853 eos,
781 1778 840 1864 qui
856 1785 1029 1863 putentur.
1069 1778 1110 1842 Id

59 1881 218 1946 facillime
236 1903 431 1966 consequar,
449 1883 477 1946 si
502 1882 651 1947 universi
673 1871 791 1968 pdpuli
813 1881 977 1947 iudicium
993 1905 1110 1948 verum
1134 1901 1163 1947 10

60 1993 96 2050 et
111 1987 344 2070 incorruptum
361 1987 439 2051 etsi
456 1987 593 2050 intimos
606 2008 725 2052 sensus
742 1987 890 2052 civitatis
902 2008 1105 2073 expressero.

60 2088 154 2168 Quid
181 2088 249 2152 fuit
275 2089 371 2166 illud,
389 2090 481 2175 quod
508 2091 635 2156 recenti
662 2092 783 2155 nuntio
811 2089 852 2155 de
883 2092 942 2155 illo
972 2100 1113 2157 senatus
1123 2094 1183 2158 120

59 2193 225 2270 consulto,
243 2192 335 2278 quod
350 2194 479 2257 factum
494 2201 546 2258 est
568 2195 603 2256 in
626 2195 752 2279 templo
768 2194 927 2271 Virtutis,
944 2195 988 2259 ad
1011 2196 1108 2260 ludos

58 2319 281 2382 scaenamque
298 2298 424 2383 perlato
446 2319 605 2362 consessu
629 2319 787 2363 maxumo
810 2319 961 2363 summus
985 2299 1108 2365 artifex

91 2555 137 2613 29,
149 2555 194 2604 ³0.
234 2554 353 2616 quod:
371 2555 394 2604 is
411 2555 479 2617 subi.
500 2553 528 2617 (i.
539 2568 573 2617 e.,
598 2554 662 2605 Sull.
677 2555 721 2603 ³1.
737 2556 777 2604 22.
796 2557 899 2604 aetas:
921 2555 984 2605 hovv
998 2556 1042 2606 old
1057 2569 1111 2605 was

58 2631 240 2690 nominative)
261 2631 425 2693 offecerat,
444 2632 497 2681 and
518 2631 575 2681 also
597 2632 713 2682 Cicero?
740 2630 812 2690 Sed,
835 2637 896 2690 etc,
919 2631 989 2682 ‘But
1009 2633 1037 2681 in
1055 2633 1111 2682 this

59 2710 113 2771 obj.
142 2708 208 2770 (ie,
237 2706 401 2770 accusative)
431 2708 460 2756 of
488 2710 575 2768 capri·
597 2715 657 2770 part
674 2708 702 2757 oi
720 2722 765 2770 my
778 2708 874 2769 speech
892 2708 906 2756 I
926 2709 995 2757 have
1014 2709 1112 2757 under·

57 2789 160 2834 meret:
182 2786 225 2834 for
237 2785 315 2833 other
326 2784 424 2834 double
438 2790 575 2833 construc-
597 2782 679 2830 taken
700 2788 728 2830 to
747 2782 836 2841 teach,
853 2783 875 2830 if
893 2783 907 2831 I
924 2797 987 2845 may
1005 2797 1051 2846 say
1071 2797 1109 2842 so,

58 2863 141 2919 tiens,
171 2865 219 2908 not
240 2859 380 2922 involving
401 2860 527 2908 however
559 2873 575 2908 a
597 2870 646 2905 our
669 2870 759 2918 young
785 2869 848 2904 men
878 2857 939 2905 who
966 2857 1014 2905 the
1041 2857 1111 2918 opti·

58 2938 163 2998 change
181 2937 210 2984 of
227 2936 455 2996 amasionibus
473 2935 511 2984 11.
529 2935 574 2982 25.
597 2935 683 2979 mates
705 2930 769 2979 are.'
805 2929 1040 2989 doctrinam,
1060 2931 1112 2980 iol·

60 3014 103 3060 12:
125 3011 379 3071 Sampsiceramum,
393 3011 443 3072 Ep.
456 3010 492 3061 V.
508 3010 533 3058 2.
549 3011 572 3060 6.
597 3007 682 3056 lowed
703 3007 739 3070 by
760 3021 796 3056 an
824 3007 939 3056 indirect
967 3009 1111 3070 question:

56 3086 185 3146 fugeret,
221 3085 372 3148 ‘escaped’
410 3085 485 3134 ‘was
523 3085 575 3134 lost
597 3097 640 3133 see
668 3097 704 3132 on
727 3083 792 3133 Sull.
814 3081 840 3129 3.
863 3085 902 3133 39.
946 3084 1110 3145 quandam,

58 3163 153 3224 upon!
207 3161 402 3222 exprimeret.
439 3161 575 3224 ‘brought
597 3158 666 3206 asin
679 3158 693 3219 ς
708 3156 747 3208 37.
767 3158 804 3205 14.
841 3158 1005 3212 iuventuti.
1020 3158 1112 3208 dative

58 3236 126 3286 out!
597 3234 626 3283 of
663 3233 809 3296 reference,
845 3234 911 3283 with
945 3235 1108 3284 doctrinam.

597 3314 716 3359 essent:
741 3311 784 3359 ior
804 3316 880 3360 tense
898 3311 932 3360 ci.
952 3310 1003 3361 IV.
1022 3311 1048 3359 9.
1067 3313 1111 3373 113

91 3391 105 3452 ξ
119 3391 173 3440 119.
185 3390 247 3439 2-8.
269 3389 416 3447 insoleus,
430 3389 572 3440 ‘untried’
598 3386 650 3435 III.
665 3387 754 3436 1130.

56 3466 240 3524 orationem,
250 3465 370 3529 ‘subject
382 3467 499 3516 matter.'
524 3466 576 3515 ad·
629 3463 643 3524 ς
660 3464 713 3512 120.
728 3463 829 3511 12-14.
848 3462 931 3522 Quid
946 3463 1007 3512 fuit
1023 3463 1111 3521 illud,

55 3540 187 3590 vocatio
203 3564 228 3589 =
243 3540 379 3600 advocati,
393 3540 510 3589 abstract
532 3541 576 3589 ior
598 3538 690 3600 quod,
700 3539 706 3561 ‘
716 3539 798 3588 What
810 3553 826 3587 a
834 3539 919 3602 grand
927 3540 1008 3602 thing
1017 3541 1038 3589 it
1046 3554 1109 3601 was,

55 3621 195 3666 concrete:
209 3617 244 3666 ci.
264 3616 315 3667 IV.
329 3617 355 3664 4.
367 3617 407 3666 31.
437 3615 490 3664 ille
503 3627 576 3665 con·
598 3615 676 3664 that’
722 3619 851 3663 senatus
881 3616 1041 3665 consulto:
1073 3616 1108 3666 ci.

54 3692 179 3747 ventus,
199 3690 245 3738 the
271 3690 331 3752 ring
348 3690 378 3739 oi
405 3689 576 3752 hystanders:
599 3689 679 3753 5117.
689 3692 712 3740 3.
737 3703 876 3740 summus
888 3691 1010 3750 artifex,
1022 3693 1110 3755 artist,

57 3764 105 3838 [ii]
125 3768 174 3835 qm·
191 3768 294 3824 circum
308 3766 443 3822 iudicium
455 3765 574 3835 stabam,
599 3767 761 3838 unequailed
779 3767 898 3826 aud-3
