2678 4260
425 255 507 308 car.
531 257 620 320 42-43,
644 257 763 319 §el-94.
1103 242 1168 311 509

66 431 189 514 cesse),
206 436 242 494 at
258 436 347 494 certe
363 430 399 493 in
416 430 616 493 necessitate
641 427 874 493 defendendae
890 430 1010 494 salutis
1033 450 1114 495 suae

66 533 300 618 praesidioque
317 540 433 598 contra
449 534 516 596 vim
535 540 569 596 et
585 553 720 595 manum
738 532 958 616 conparando
1084 615 1087 620 1
1139 551 1168 597 35

110 655 216 702 xum.
242 637 273 702 Ο
290 637 324 701 di
340 635 562 701 immortales!
588 657 767 720 quemnam
784 636 960 702 ostenditis
982 639 1112 702 exitum
1128 641 1168 705 93

66 743 173 820 nobis,
191 763 292 827 quam
315 763 409 825 spem
434 742 482 805 rei
508 740 660 825 publicae
684 740 795 805 datis?
818 749 943 825 quotus
968 743 1114 828 quisque

14 884 16 888 ·
65 848 261 912 invenietur
295 853 389 909 tanta
421 846 547 909 virtute
578 845 639 921 vir,
671 847 731 929 qui
761 846 919 929 optimam
944 867 1113 931 quamque

67 972 201 1015 causam
218 949 435 1034 reipublicae
462 949 696 1033 amplectatur,
715 950 774 1033 qui
790 948 886 1014 bonis
903 951 984 1014 viris
1008 949 1115 1014 deser·

66 1054 147 1130 viat,
164 1055 224 1137 qui
240 1053 381 1118 solidam
400 1051 533 1117 laudem
552 1053 733 1137 veramque
751 1055 910 1137 quaerat?
935 1075 1011 1117 cum
1033 1055 1117 1119 sciat
1153 1072 1167 1116 5

66 1157 135 1221 duo
150 1159 209 1221 illa
225 1158 272 1222 rei
295 1157 448 1241 publicae
465 1179 570 1240 paene
590 1156 669 1234 iata,
689 1157 871 1221 Gabinium
889 1165 925 1222 et
946 1157 1113 1235 Pisonem,

66 1261 211 1325 alterum
226 1261 360 1324 haurire
388 1259 510 1324 cotidie
537 1282 579 1325 ex
603 1262 822 1346 pacatissimis
850 1269 952 1346 atque
976 1263 1113 1347 opulen-

65 1365 205 1429 tissimis
225 1363 339 1450 Syriae
357 1365 447 1450 gazis
463 1365 706 1430 innumerabile
723 1365 854 1449 pondus
878 1366 961 1441 auri,
987 1366 1112 1430 bellum

65 1467 190 1533 inferre
222 1468 484 1554 quiescentibus,
515 1474 555 1532 ut
582 1491 698 1533 eorum
726 1477 858 1535 veteres
888 1469 1113 1554 inlibatasque

66 1571 202 1638 divitias
219 1574 253 1635 in
270 1571 570 1656 profundissimum
587 1573 766 1636 libidinum
792 1595 928 1638 suarum
946 1575 1123 1660 gurgitem·
1138 1588 1167 1633 10
1246 1565 1256 1588 ⁸

65 1676 260 1762 profundat,
277 1676 394 1741 villam
414 1676 587 1741 aedificare
613 1678 648 1739 in
677 1679 783 1742 oculis
809 1679 957 1741 omnium
976 1686 1113 1754 tantam,

65 1783 243 1866 tugurium
268 1787 308 1844 ut
333 1781 399 1843 iam
427 1778 583 1844 videatur
613 1802 684 1844 esse
712 1781 771 1844 illa
799 1781 890 1857 villa,
918 1802 1020 1865 quam
1043 1782 1113 1865 ipse

65 1884 221 1949 tribunus
253 1884 298 1968 pl.
331 1884 453 1967 pictam
488 1884 568 1947 clim
600 1885 634 1946 in
666 1884 878 1950 contionibus
914 1885 1113 1969 explicabat,

66 2009 135 2072 quo
151 1987 370 2051 fortissimum
388 2009 426 2051 ac
453 2009 620 2050 summum
648 1989 755 2053 civem
776 1990 811 2051 in
838 1989 998 2054 invidiam
1016 1990 1114 2054 home

65 2100 177 2155 castus
194 2113 231 2155 ac
260 2113 326 2154 non
353 2090 496 2175 cupidus
517 2100 672 2166 voca1'et;
697 2092 840 2157 alterum
864 2093 1051 2158 Thracibus
1074 2116 1112 2159 ac
1127 2093 1168 2156 94

80 2231 162 2291 ·§93.
176 2229 238 2276 1-7.
257 2228 282 2277 0
296 2229 329 2277 di
340 2229 486 2277 immort:
506 2230 577 2277 what
604 2230 695 2279 before
739 2232 786 2280 the
831 2232 1015 2293 conjunction.
1063 2232 1117 2280 illa

65 2305 346 2366 va1·iationsin§§]7.
360 2305 404 2365 31;
422 2306 518 2366 19.12;
536 2307 574 2355 53.
604 2305 685 2363 villa,
704 2307 733 2355 oi
755 2306 896 2356 Lucullus:
919 2321 962 2356 see
986 2322 1021 2356 on
1044 2309 1114 2357 Mur.

65 2382 118 2431 16?
141 2381 407 2443 quotusquisque
430 2417 435 2428 .
459 2416 464 2428 .
487 2416 493 2428 .
516 2381 577 2428 vir:
603 2382 648 2430 20.
670 2385 708 2432 12.
744 2396 837 2444 quam
857 2384 982 2445 pictam,
1009 2384 1040 2433 ‘a
1063 2385 1117 2446 pic-

64 2459 161 2507 render
180 2458 215 2520 by
234 2459 282 2507 the
305 2457 403 2521 plural,
426 2457 505 2507 ‘how
524 2458 577 2506 iew
603 2463 663 2508 turc
681 2461 710 2508 ol
733 2461 841 2509 which)
877 2461 964 2510 When
984 2460 1116 2527 Gabinius

65 2549 128 2583 men
150 2534 205 2583 will
228 2535 261 2583 he
283 2534 390 2584 found)
436 2533 576 2590 solidam,
604 2537 632 2584 in
650 2537 693 2585 his
715 2538 852 2586 tribunate
866 2537 921 2599 (67)
937 2552 990 2586 was
1003 2538 1116 2586 endeav-

66 2611 157 2671 ‘reah'
175 2611 337 2673 ‘genuine3'
357 2610 498 2672 originally
513 2611 576 2658 used
605 2612 682 2675 oring
716 2618 744 2662 to
775 2628 867 2663 secure
895 2615 941 2662 the
973 2614 1115 2664 command

64 2688 94 2736 oi
116 2687 225 2736 metals:
248 2688 282 2736 cf.
305 2701 355 2736 our
376 2686 458 2735 ‘solid
476 2685 574 2735 silves)
603 2690 709 2750 against
722 2690 768 2738 the
786 2690 886 2751 pirates
905 2690 947 2739 ior
959 2690 1114 2752 Pompeius,

64 2775 189 2824 paene
219 2763 310 2820 iata,
343 2762 410 2811 ‘evil
442 2763 575 2825 geniuses,
603 2765 637 2813 he
654 2766 723 2814 tried
743 2770 772 2814 to
792 2767 872 2815 make
891 2766 990 2829 capital
1010 2767 1116 2828 against

64 2839 180 2905 almost)
227 2840 285 2888 The
308 2840 460 2888 accusative
483 2840 505 2887 is
527 2838 577 2887 leit
604 2841 731 2891 Lucullus
759 2844 793 2904 by
816 2843 943 2905 dwelling
970 2857 1043 2905 upon
1074 2843 1116 2892 his

64 2917 186 2978 hanging
199 2917 244 2975 (cf.
260 2916 325 2976 §dh
338 2914 575 2977 14)‚be1ngta1‹en
604 2918 701 2967 wealth
716 2919 768 2968 and
788 2919 928 2968 luxurious
947 2920 1045 2968 habita.
1081 2920 1115 2968 In

64 3007 101 3054 up
123 2993 158 3054 by
180 2993 227 3042 the
256 2993 384 3055 partitive
409 2993 577 3054 appositions
603 2995 634 3044 66
653 2996 700 3044 the
718 2997 860 3044 command
879 2998 985 3058 against
1003 2997 1117 3044 Mithra·

65 3068 261 3131 atteramur)
280 3105 286 3117 .
307 3106 313 3118 .
334 3067 574 3130 .clterum(l.15),
603 3072 678 3120 dates
702 3087 755 3121 was
778 3074 860 3121 taken
891 3073 962 3121 from
987 3072 1116 3122 Lucullus

64 3145 169 3195 instead
182 3147 211 3195 oi
228 3146 309 3207 being
320 3146 399 3194 made
411 3146 483 3194 their
493 3145 577 3207 parti·
604 3146 703 3209 largely
714 3161 750 3196 on
762 3153 877 3197 account
889 3148 918 3196 of
936 3147 978 3196 his
990 3146 1115 3209 persona]

64 3223 252 3285 tivegenitive.
285 3221 577 3283 pacatissimimon·
604 3223 805 3285 unpcpularity,
824 3237 851 3285 p.
873 3225 913 3284 20,
934 3222 946 3280 ξ
969 3223 1009 3272 23.
1045 3235 1115 3284 quo,

63 3299 159 3348 nected
190 3299 257 3347 with
290 3300 376 3359 pazis,
406 3299 512 3361 though
548 3299 576 3346 in
604 3300 676 3360 final,
690 3300 794 3362 though
812 3302 854 3348 no‘
865 3300 1047 3361 comparative
1065 3299 1116 3348 iol·

62 3389 141 3424 sense
152 3389 225 3424 more
237 3375 410 3437 appropriate
423 3379 451 3424 to
467 3374 574 3435 Syriae.
603 3376 677 3425 lows.
712 3374 807 3424 homo
825 3379 1014 3437 castuaetc,
1035 3376 1116 3424 ironi-

95 3451 196 3499 11-15.
212 3450 326 3508 villam,
338 3465 404 3500 near
416 3451 574 3511 Tusculum,
603 3452 642 3500 cal
661 3453 689 3501 oi
707 3452 848 3502 Gabinius.
884 3464 921 3501 ac
940 3464 1003 3501 non
1021 3453 1043 3501 is
1060 3466 1117 3501 cor·

62 3529 152 3576 where
173 3527 267 3577 Cicero
289 3527 346 3576 also
369 3528 423 3576 had
449 3542 508 3577 one.
544 3527 576 3575 in
603 3528 684 3590 rectiy
697 3529 761 3576 used
776 3528 879 3577 instead
892 3529 922 3576 oi
937 3541 1024 3589 acque
1036 3527 1115 3576 when

62 3604 171 3660 oculis,
197 3605 251 3664 ia,
276 3605 390 3653 without
410 3609 526 3666 attempt
548 3609 577 3652 at
603 3605 649 3653 the
661 3605 785 3664 negative
804 3604 888 3652 forms
907 3617 958 3653 one
978 3604 1037 3652 idea
1048 3602 1116 3652 with

61 3680 256 3729 concealment.
292 3681 447 3741 tugurium
463 3683 512 3727 ut:
529 3680 576 3728 the
602 3681 728 3729 theword
738 3680 887 3728 itrnodifies
896 3679 970 3740 (non
980 3678 1115 3741 cupidus

61 3758 199 3819 emphatic
213 3758 284 3806 word
303 3771 334 3806 or
351 3758 436 3805 words
453 3757 482 3804 oi
499 3771 515 3804 a
532 3756 576 3805 de·
605 3780 630 3804 :
646 3755 828 3816 ‘unseliish’).

60 3835 182 3906 pendent
193 3832 284 3889 clause
300 3847 346 3888 are
362 3833 515 3902 frequently
526 3837 576 3901 put
634 3832 699 3894 594.
718 3831 763 3885 15.
781 3831 920 3892 alterum,
934 3831 1003 3885 Piso.
