2678 4260
543 254 623 322 otr.
649 256 687 321 13,
711 255 725 320 ς
747 253 786 308 ts.
1169 238 1233 308 160

135 440 187 497 est
216 431 298 495 mihi
331 438 366 496 et
400 430 589 496 adversario
623 453 707 506 mec,
744 430 778 493 id
812 452 883 495 esse
918 437 1051 516 gratum
1090 430 1183 494 nullo
1220 448 1235 491 s

135 544 234 622 pacto
265 543 387 621 potest.
434 535 554 619 Itaque
586 556 653 598 non
684 534 783 599 modo
814 535 965 599 beneficii
998 533 1183 598 collocandi

134 663 239 726 spem,
267 640 327 705 sed
354 641 455 705 etiam
486 639 582 716 illud,
610 638 703 724 quod
734 638 915 723 aliquando
943 638 1019 714 fuit,
1053 638 1183 701 ‘Licita

134 745 374 810 constituas?
387 744 395 770 ’
410 746 476 808 iam
488 743 692 829 perdidistis.
739 742 876 828 Sapiens
890 744 1073 808 existimari
1086 765 1183 807 nemo

134 856 247 934 potest
271 851 306 913 in
333 871 372 914 ea
396 848 585 935 prudentia,
603 869 689 933 quae
717 869 825 932 neque
852 856 947 912 extra
972 848 1109 911 Romam
1134 869 1185 911 us-

134 976 238 1039 quam
268 976 379 1039 neque
411 955 536 1018 Romae
568 953 667 1018 rebus
699 952 838 1036 prolatis
869 953 1049 1037 quicquam
1081 951 1181 1015 vaiet.
1207 967 1235 1012 10

135 1059 272 1123 Peritus
304 1057 381 1123 ideo
407 1057 520 1122 haberi
551 1078 649 1122 nemo
681 1063 802 1141 potest,
830 1055 923 1141 quod
950 1057 983 1118 in
1014 1076 1063 1131 ec,
1091 1054 1184 1139 quod

133 1163 248 1234 sciunt
270 1184 395 1239 omnes,
412 1163 507 1226 nullo
533 1161 630 1226 modo
656 1168 798 1246 possunt
823 1162 910 1225 inter
925 1182 959 1225 se
987 1159 1182 1244 discrepare.

135 1266 294 1331 Difficilis
319 1274 437 1331 'autem
468 1288 520 1331 res
552 1265 627 1330 ideo
658 1287 725 1329 non
757 1272 905 1350 putatur,
933 1263 1025 1349 quod
1051 1271 1086 1328 et
1115 1285 1185 1348 per·

134 1373 251 1456 paucis
268 1378 303 1435 et
324 1372 458 1436 minime
484 1370 632 1434 obscuris
658 1370 779 1435 litteris
803 1370 1005 1434 continetur.
1052 1368 1182 1453 Itaque,

134 1477 163 1540 si
180 1476 273 1552 mihi,
291 1475 417 1539 homini
442 1475 659 1541 vehementer
683 1482 855 1559 occupato,
882 1473 1091 1539 stomachum
1119 1493 1186 1536 mo
1207 1488 1235 1533 15

134 1581 263 1656 veritis,
303 1579 416 1643 triduo
454 1600 507 1643 me
544 1579 625 1642 iuris
661 1580 854 1643 consultum
889 1601 960 1644 esse
995 1576 1182 1663 profitebor.

136 1683 282 1760 Etenim,
299 1705 385 1768 quae
411 1683 452 1749 de
477 1684 604 1767 scripto
628 1691 786 1769 aguntur,
809 1685 933 1768 scripta
956 1690 1038 1746 sunt
1063 1683 1183 1758 omnia,

134 1810 247 1874 neque
265 1796 379 1853 tamen
395 1789 579 1873 quicquam
594 1795 664 1852 tam
682 1794 825 1874 anguste
847 1789 1009 1872 scriptum
1037 1794 1099 1862 est,
1116 1807 1185 1871 quo

135 1914 199 1979 ego
231 1915 299 1957 non
322 1894 447 1978 possim
472 1891 581 1971 ‘QUA
604 1909 652 1954 Du
677 1909 725 1954 nu
748 1891 907 1956 Astrutt’
932 1891 1073 1967 addere3
1098 1912 1184 1975 quae

135 1998 363 2061 consuluntur
383 2003 507 2072 autem,
526 1996 662 2058 minimo
678 1996 828 2080 periculo
844 1995 1098 2080 respondentur.
1147 1994 1182 2058 Si
1206 2010 1236 2055 ao

134 2101 181 2178 id,
199 2100 293 2187 quod
314 2109 455 2186 oportet,
474 2099 694 2184 responderis,
712 2099 800 2164 idem
817 2099 950 2165 videare
974 2099 1183 2184 respondisse

135 2205 229 2290 quod
246 2204 402 2281 Servius3
428 2206 481 2269 siu
498 2205 606 2279 aliter,
624 2206 725 2267 etiarn
740 2213 994 2270 controversum
1011 2206 1062 2268 ius
1087 2226 1184 2269 nosse

169 2421 195 2479 ⁷,
206 2420 233 2470 8.
249 2418 329 2468 illud
351 2419 472 2470 modities
489 2419 537 2467 the
554 2419 651 2480 phrase
671 2423 795 2478 statutes,
820 2420 873 2468 and
899 2421 946 2469 the
971 2420 1055 2469 edicts
1082 2420 1112 2469 oi
1139 2420 1186 2468 the

135 2498 201 2548 licet
218 2495 365 2548 consulere.
400 2493 576 2557 aliquando,
596 2495 648 2554 ie,
671 2501 803 2556 praetors:
815 2496 1033 2558 alrnowledgeof
1044 2496 1090 2544 the
1102 2496 1186 2544 iorms

134 2575 229 2625 before
240 2573 287 2623 the
296 2574 362 2622 time
371 2573 401 2622 oi
412 2572 461 2622 Cn.
474 2571 595 2620 Flavius:
607 2584 651 2620 see
672 2572 701 2620 oi
722 2574 827 2623 actions
845 2573 932 2622 would
953 2574 1010 2622 also
1028 2573 1061 2622 be
1083 2572 1185 2622 needed

134 2665 172 2700 on
190 2651 205 2712 5
222 2651 261 2699 25.
280 2649 320 2699 20.
355 2660 443 2698 ttcnr
462 2659 649 2708 consuentes,
672 2649 706 2711 by
718 2651 764 2699 the
776 2650 881 2712 lawyer.

136 2727 217 2790 ‘may
229 2727 242 2776 1
255 2727 305 2776 asir
315 2739 384 2789 your
395 2724 489 2774 advice
499 2723 527 2773 l'
546 2737 562 2772 a
574 2737 651 2786 ques·
703 2726 749 2783 1⁷,
762 2726 808 2775 18.
824 2739 903 2788 quae
916 2726 955 2776 de
965 2726 1085 2788 scripto
1095 2738 1186 2787 agun-

134 2805 204 2865 tion,
227 2817 288 2866 says
311 2802 415 2863 Cicero,
434 2800 572 2863 jestingly,
591 2801 652 2848 that
672 2805 729 2860 tur,
744 2803 871 2852 ‘matters
888 2804 917 2851 oi
935 2802 1065 2865 (written)
1084 2802 1186 2851 formu·

135 2881 159 2929 is
176 2894 214 2929 no
232 2879 326 2941 longer
342 2884 393 2941 put
412 2883 441 2926 to
460 2891 514 2939 you
529 2876 649 2938 lawyers,
673 2879 732 2928 iae’
768 2880 856 2929 These
865 2879 918 2928 had
927 2879 1036 2941 already
1046 2880 1113 2927 been
1122 2879 1185 2940 pub

135 2969 198 3005 now
216 2956 277 3004 that
292 2955 340 3004 the
359 2951 529 3016 ‘mysteries'
551 2967 596 3002 are
613 2967 653 3002 re·
673 2957 767 3017 lished,
783 2956 836 3005 and
853 2956 931 3006 could
950 2957 982 3006 be
999 2956 1084 3006 found
1102 2956 1185 3018 easily

135 3031 239 3082 vealed.
673 3031 780 3093 enough
798 3031 832 3092 by
848 3045 901 3092 any
915 3045 966 3079 one
985 3030 1045 3079 who
1061 3029 1139 3078 cared
1157 3036 1185 3078 to

168 3108 215 3156 10.
232 3106 326 3156 rebus
347 3104 533 3168 prolatis,
558 3104 651 3154 ‘when
674 3105 736 3154 look
759 3106 833 3153 thern
856 3119 901 3167 up.
937 3117 1007 3166 quo,
1031 3104 1091 3154 adv.
1109 3128 1134 3152 =
1148 3104 1185 3153 cd

135 3185 260 3234 business
272 3184 295 3233 is
306 3181 388 3245 over,'
401 3181 496 3232 ‘when
506 3187 596 3231 courts
608 3196 652 3231 are
673 3186 753 3247 qnod.

135 3260 306 3323 adjourned‚’
321 3260 375 3322 i.e.,
389 3259 488 3322 during
499 3260 545 3308 the
563 3259 652 3321 public
704 3261 806 3319 19‚2o.
824 3273 888 3322 Qun
919 3275 959 3311 nn
992 3274 1031 3310 nn
1060 3273 1182 3311 tetrus.

135 3351 236 3401 gemes,
261 3351 297 3386 on
320 3336 378 3386 dt'ec
400 3335 504 3397 nefasti
533 3334 589 3398 (see
616 3349 651 3384 on
673 3339 767 3388 Cicero
779 3353 871 3389 ureans
880 3339 941 3388 that
950 3339 1006 3388 this
1015 3339 1112 3400 phrase
1122 3339 1144 3387 is
1156 3353 1185 3388 so

136 3415 201 3475 525.
221 3413 275 3476 20),
294 3413 349 3462 and
366 3412 465 3476 during
481 3427 498 3462 a
517 3413 652 3461 iustitium
673 3416 844 3478 ridiculously
855 3430 980 3465 common
993 3417 1053 3465 that
1066 3416 1086 3464 it
1099 3415 1186 3477 might

136 3489 191 3554 (see
202 3505 238 3542 on
251 3491 265 3552 5
277 3491 318 3540 22.
331 3490 368 3553 0).
672 3493 705 3541 be
722 3492 807 3554 safely
818 3492 903 3541 added
920 3498 949 3541 to
966 3506 1019 3555 any
1030 3492 1081 3540 law
1092 3505 1183 3554 paper.

165 3567 210 3617 14.
227 3566 353 3624 litteris,
366 3565 485 3617 ‘books'
520 3566 614 3616 Cicero
630 3566 652 3615 is
672 3581 751 3630 quae
774 3568 986 3626 consuluntur.
1008 3568 1134 3617 ‘matters
1156 3568 1186 3617 oi

135 3645 268 3707 speaking
296 3643 326 3692 oi
353 3643 400 3693 the
431 3645 475 3693 ius
503 3644 650 3704 privatam,
673 3642 761 3692 verbal
774 3642 884 3702 advice‚’
899 3642 1017 3705 opposed
1029 3647 1058 3691 to
1070 3655 1140 3704 quae
1152 3642 1185 3691 de

134 3721 222 3772 which
230 3735 289 3772 was
298 3720 444 3770 contained
454 3720 482 3769 in
489 3719 652 3769 theTwelve
672 3721 775 3779 scripto
788 3722 915 3779 conatur,
930 3719 946 3768 l.
963 3718 999 3769 l'l.

134 3796 229 3851 Tables
244 3797 302 3862 (see
314 3810 350 3846 on
363 3796 377 3857 5
389 3796 428 3845 25.
440 3795 492 3858 20),
504 3808 591 3858 avery
600 3795 652 3846 few
704 3794 748 3852 22,
761 3793 806 3843 23.
824 3793 910 3856 quod
922 3793 1059 3852 Servius,
1069 3808 1085 3843 a
1096 3807 1185 3857 grace-
