<?xml version="1.0" encoding="UTF-8"?>
<!DOCTYPE html PUBLIC "-//W3C//DTD XHTML 1.0 Transitional//EN"
    "http://www.w3.org/TR/xhtml1/DTD/xhtml1-transitional.dtd">
<html xmlns="http://www.w3.org/1999/xhtml" xml:lang="en" lang="en">
 <head>
  <title>
</title>
<meta http-equiv="Content-Type" content="text/html;charset=utf-8" />
  <meta name='ocr-system' content='tesseract 3.04.00' />
  <meta name='ocr-capabilities' content='ocr_page ocr_carea ocr_par ocr_line ocrx_word'/>
</head>
<body>
  <div class='ocr_page' id='page_1' title='image "./selectedoration00cicegoog_0392.png"; bbox 0 0 2678 4260; ppageno 0'>
   <div class='ocr_carea' id='block_1_1' title="bbox 455 265 1235 344">
    <p class='ocr_par' dir='ltr' id='par_1_1' title="bbox 455 265 1235 344">
     <span class='ocr_line' id='line_1_1' title="bbox 455 265 1235 344; baseline 0.006 -14"><span class='ocrx_word' id='word_1_1' title='bbox 455 277 509 330; x_wconf 80' lang='lat' dir='ltr'>ar.</span> <span class='ocrx_word' id='word_1_2' title='bbox 533 277 623 344; x_wconf 81' lang='lat' dir='ltr'>xvi,</span> <span class='ocrx_word' id='word_1_3' title='bbox 648 281 662 344; x_wconf 68' lang='lat' dir='ltr'>a</span> <span class='ocrx_word' id='word_1_4' title='bbox 685 281 713 344; x_wconf 83' lang='lat' dir='ltr'>a;</span> <span class='ocrx_word' id='word_1_5' title='bbox 736 277 842 344; x_wconf 79' lang='lat' dir='ltr'>xvir,</span> <span class='ocrx_word' id='word_1_6' title='bbox 867 279 880 344; x_wconf 67' lang='lat' dir='ltr'>a</span> <span class='ocrx_word' id='word_1_7' title='bbox 903 283 927 332; x_wconf 83' lang='lat' dir='ltr'>a</span> <span class='ocrx_word' id='word_1_8' title='bbox 1170 265 1235 335; x_wconf 82' lang='lat'>409</span> 
     </span>
    </p>
   </div>
   <div class='ocr_carea' id='block_1_2' title="bbox 132 433 1262 2932">
    <p class='ocr_par' dir='ltr' id='par_1_2' title="bbox 132 433 1262 2932">
     <span class='ocr_line' id='line_1_2' title="bbox 135 433 1182 540; baseline 0.003 -25"><span class='ocrx_word' id='word_1_9' title='bbox 135 447 193 515; x_wconf 93' lang='lat' dir='ltr'>ubi</span> <span class='ocrx_word' id='word_1_10' title='bbox 224 451 306 515; x_wconf 92' lang='lat' dir='ltr'>sim:</span> <span class='ocrx_word' id='word_1_11' title='bbox 339 473 427 527; x_wconf 93' lang='lat' dir='ltr'>nam,</span> <span class='ocrx_word' id='word_1_12' title='bbox 451 453 479 516; x_wconf 92' lang='lat' dir='ltr'>si</span> <span class='ocrx_word' id='word_1_13' title='bbox 503 453 569 517; x_wconf 89' lang='lat' dir='ltr'>erit</span> <span class='ocrx_word' id='word_1_14' title='bbox 592 475 701 530; x_wconf 90' lang='lat' dir='ltr'>causa,</span> <span class='ocrx_word' id='word_1_15' title='bbox 720 433 755 518; x_wconf 40' lang='lat' dir='ltr'>&#39;si</span> <span class='ocrx_word' id='word_1_16' title='bbox 779 452 861 537; x_wconf 91' lang='lat' dir='ltr'>quid</span> <span class='ocrx_word' id='word_1_17' title='bbox 885 461 1013 540; x_wconf 87' lang='lat' dir='ltr'>agetur,</span> <span class='ocrx_word' id='word_1_18' title='bbox 1037 454 1066 519; x_wconf 90' lang='lat' dir='ltr'>si</span> <span class='ocrx_word' id='word_1_19' title='bbox 1088 476 1182 540; x_wconf 88' lang='lat' dir='ltr'>spem</span> 
     </span>
     <span class='ocr_line' id='line_1_3' title="bbox 135 555 1220 643; baseline 0.002 -24"><span class='ocrx_word' id='word_1_20' title='bbox 135 555 261 631; x_wconf 92' lang='lat' dir='ltr'>videro,</span> <span class='ocrx_word' id='word_1_21' title='bbox 278 561 339 618; x_wconf 91' lang='lat' dir='ltr'>aut</span> <span class='ocrx_word' id='word_1_22' title='bbox 354 555 477 620; x_wconf 84' lang='lat' dir='ltr'>ibidem</span> <span class='ocrx_word' id='word_1_23' title='bbox 494 559 647 643; x_wconf 87' lang='lat' dir='ltr'>opperiar</span> <span class='ocrx_word' id='word_1_24' title='bbox 662 565 723 621; x_wconf 91' lang='lat' dir='ltr'>aut</span> <span class='ocrx_word' id='word_1_25' title='bbox 739 579 790 622; x_wconf 91' lang='lat' dir='ltr'>me</span> <span class='ocrx_word' id='word_1_26' title='bbox 806 556 848 621; x_wconf 88' lang='lat' dir='ltr'>ad</span> <span class='ocrx_word' id='word_1_27' title='bbox 864 566 898 622; x_wconf 89' lang='lat' dir='ltr'>te</span> <span class='ocrx_word' id='word_1_28' title='bbox 914 557 1103 635; x_wconf 82' lang='lat' dir='ltr'>conferarn3</span> <span class='ocrx_word' id='word_1_29' title='bbox 1120 560 1186 636; x_wconf 84' lang='lat' dir='ltr'>sin,</span> <span class='ocrx_word' id='word_1_30' title='bbox 1206 577 1220 621; x_wconf 80' lang='lat' dir='ltr'>s</span> 
     </span>
     <span class='ocr_line' id='line_1_4' title="bbox 135 660 1181 745; baseline 0.003 -22"><span class='ocrx_word' id='word_1_31' title='bbox 135 668 179 724; x_wconf 90' lang='lat' dir='ltr'>ut·</span> <span class='ocrx_word' id='word_1_32' title='bbox 194 667 233 723; x_wconf 90' lang='lat' dir='ltr'>tu</span> <span class='ocrx_word' id='word_1_33' title='bbox 256 660 382 737; x_wconf 89' lang='lat' dir='ltr'>scribis,</span> <span class='ocrx_word' id='word_1_34' title='bbox 408 661 473 725; x_wconf 89' lang='lat' dir='ltr'>ista</span> <span class='ocrx_word' id='word_1_35' title='bbox 496 662 705 738; x_wconf 81' lang='lat' dir='ltr'>evanuerint,</span> <span class='ocrx_word' id='word_1_36' title='bbox 722 662 851 745; x_wconf 90' lang='lat' dir='ltr'>aliquid</span> <span class='ocrx_word' id='word_1_37' title='bbox 875 661 968 725; x_wconf 91' lang='lat' dir='ltr'>aliud</span> <span class='ocrx_word' id='word_1_38' title='bbox 985 660 1181 728; x_wconf 89' lang='lat' dir='ltr'>videbimus.</span> 
     </span>
     <span class='ocr_line' id='line_1_5' title="bbox 136 765 1262 852; baseline 0.003 -23"><span class='ocrx_word' id='word_1_39' title='bbox 136 765 283 829; x_wconf 86' lang='lat' dir='ltr'>Omnino</span> <span class='ocrx_word' id='word_1_40' title='bbox 308 765 418 831; x_wconf 91' lang='lat' dir='ltr'>adhuc</span> <span class='ocrx_word' id='word_1_41' title='bbox 444 766 528 830; x_wconf 90' lang='lat' dir='ltr'>nihil</span> <span class='ocrx_word' id='word_1_42' title='bbox 553 767 635 830; x_wconf 93' lang='lat' dir='ltr'>mihi</span> <span class='ocrx_word' id='word_1_43' title='bbox 666 766 864 852; x_wconf 84' lang='lat' dir='ltr'>significatis</span> <span class='ocrx_word' id='word_1_44' title='bbox 888 767 952 830; x_wconf 90' lang='lat' dir='ltr'>nisi</span> <span class='ocrx_word' id='word_1_45' title='bbox 982 766 1181 831; x_wconf 84' lang='lat' dir='ltr'>discordiam</span> <span class='ocrx_word' id='word_1_46' title='bbox 1260 837 1262 840; x_wconf 78' lang='lat'><em>.</em></span> 
     </span>
     <span class='ocr_line' id='line_1_6' title="bbox 133 869 1180 955; baseline 0.005 -24"><span class='ocrx_word' id='word_1_47' title='bbox 133 870 284 946; x_wconf 90' lang='lat' dir='ltr'>istorum,</span> <span class='ocrx_word' id='word_1_48' title='bbox 302 891 388 953; x_wconf 89' lang='lat' dir='ltr'>qnae</span> <span class='ocrx_word' id='word_1_49' title='bbox 405 878 517 934; x_wconf 91' lang='lat' dir='ltr'>tamen</span> <span class='ocrx_word' id='word_1_50' title='bbox 533 872 693 936; x_wconf 88' lang='lat' dir='ltr'>intereos</span> <span class='ocrx_word' id='word_1_51' title='bbox 710 869 750 936; x_wconf 88' lang='lat' dir='ltr'>de</span> <span class='ocrx_word' id='word_1_52' title='bbox 768 870 922 935; x_wconf 80' lang='lat' dir='ltr'>Omnibus</span> <span class='ocrx_word' id='word_1_53' title='bbox 945 872 1058 955; x_wconf 92' lang='lat' dir='ltr'>potius</span> <span class='ocrx_word' id='word_1_54' title='bbox 1082 871 1180 936; x_wconf 88' lang='lat' dir='ltr'>rebus</span> 
     </span>
     <span class='ocr_line' id='line_1_7' title="bbox 134 969 1181 1055; baseline 0.004 -21"><span class='ocrx_word' id='word_1_55' title='bbox 134 977 186 1034; x_wconf 89' lang='lat' dir='ltr'>est</span> <span class='ocrx_word' id='word_1_56' title='bbox 201 991 302 1055; x_wconf 90' lang='lat' dir='ltr'>quam</span> <span class='ocrx_word' id='word_1_57' title='bbox 317 969 359 1035; x_wconf 91' lang='lat' dir='ltr'>de</span> <span class='ocrx_word' id='word_1_58' title='bbox 373 992 444 1046; x_wconf 91' lang='lat' dir='ltr'>me;</span> <span class='ocrx_word' id='word_1_59' title='bbox 462 971 587 1055; x_wconf 86' lang='lat' dir='ltr'>itaque,</span> <span class='ocrx_word' id='word_1_60' title='bbox 602 970 685 1055; x_wconf 93' lang='lat' dir='ltr'>quid</span> <span class='ocrx_word' id='word_1_61' title='bbox 700 992 738 1036; x_wconf 89' lang='lat' dir='ltr'>ea</span> <span class='ocrx_word' id='word_1_62' title='bbox 751 970 833 1034; x_wconf 92' lang='lat' dir='ltr'>mihi</span> <span class='ocrx_word' id='word_1_63' title='bbox 848 973 964 1055; x_wconf 90' lang='lat' dir='ltr'>prosit,</span> <span class='ocrx_word' id='word_1_64' title='bbox 981 972 1104 1048; x_wconf 88' lang='lat' dir='ltr'>nescio,</span> <span class='ocrx_word' id='word_1_65' title='bbox 1122 972 1181 1038; x_wconf 91' lang='lat' dir='ltr'>sed</span> 
     </span>
     <span class='ocr_line' id='line_1_8' title="bbox 134 1074 1234 1160; baseline -0.003 -22"><span class='ocrx_word' id='word_1_66' title='bbox 134 1083 256 1151; x_wconf 87' lang='lat' dir='ltr'>tamen,</span> <span class='ocrx_word' id='word_1_67' title='bbox 273 1074 385 1159; x_wconf 92' lang='lat' dir='ltr'>quoad</span> <span class='ocrx_word' id='word_1_68' title='bbox 401 1096 452 1139; x_wconf 92' lang='lat' dir='ltr'>me</span> <span class='ocrx_word' id='word_1_69' title='bbox 470 1096 529 1139; x_wconf 90' lang='lat' dir='ltr'>vos</span> <span class='ocrx_word' id='word_1_70' title='bbox 545 1097 677 1160; x_wconf 88' lang='lat' dir='ltr'>sperare</span> <span class='ocrx_word' id='word_1_71' title='bbox 694 1076 809 1151; x_wconf 89' lang='lat' dir='ltr'>vultis,</span> <span class='ocrx_word' id='word_1_72' title='bbox 826 1075 921 1141; x_wconf 88' lang='lat' dir='ltr'>vobis</span> <span class='ocrx_word' id='word_1_73' title='bbox 938 1075 1181 1160; x_wconf 77' lang='lat' dir='ltr'>obtemperabo.</span> <span class='ocrx_word' id='word_1_74' title='bbox 1206 1091 1234 1136; x_wconf 92' lang='lat'>10</span> 
     </span>
     <span class='ocr_line' id='line_1_9' title="bbox 133 1177 1225 1266; baseline 0.005 -25"><span class='ocrx_word' id='word_1_75' title='bbox 133 1177 230 1256; x_wconf 90' lang='lat' dir='ltr'>Nam,</span> <span class='ocrx_word' id='word_1_76' title='bbox 247 1178 339 1263; x_wconf 91' lang='lat' dir='ltr'>quod</span> <span class='ocrx_word' id='word_1_77' title='bbox 354 1200 406 1243; x_wconf 90' lang='lat' dir='ltr'>me</span> <span class='ocrx_word' id='word_1_78' title='bbox 430 1186 500 1243; x_wconf 89' lang='lat' dir='ltr'>tarn</span> <span class='ocrx_word' id='word_1_79' title='bbox 522 1201 620 1264; x_wconf 88' lang='lat' dir='ltr'>saepe</span> <span class='ocrx_word' id='word_1_80' title='bbox 644 1186 679 1243; x_wconf 91' lang='lat' dir='ltr'>et</span> <span class='ocrx_word' id='word_1_81' title='bbox 701 1188 770 1260; x_wconf 85' lang='lat' dir='ltr'>tarn</span> <span class='ocrx_word' id='word_1_82' title='bbox 786 1179 1003 1257; x_wconf 86' lang='lat' dir='ltr'>vehementer</span> <span class='ocrx_word' id='word_1_83' title='bbox 1026 1179 1180 1266; x_wconf 87' lang='lat' dir='ltr'>obiurgas</span> <span class='ocrx_word' id='word_1_84' title='bbox 1199 1183 1225 1246; x_wconf 78' lang='lat'>2&#39;</span> 
     </span>
     <span class='ocr_line' id='line_1_10' title="bbox 134 1282 1181 1368; baseline 0.001 -21"><span class='ocrx_word' id='word_1_85' title='bbox 134 1290 170 1347; x_wconf 91' lang='lat' dir='ltr'>et</span> <span class='ocrx_word' id='word_1_86' title='bbox 199 1284 310 1347; x_wconf 91' lang='lat' dir='ltr'>animo</span> <span class='ocrx_word' id='word_1_87' title='bbox 341 1283 472 1347; x_wconf 90' lang='lat' dir='ltr'>infirmo</span> <span class='ocrx_word' id='word_1_88' title='bbox 504 1305 576 1348; x_wconf 86' lang='lat' dir='ltr'>esse</span> <span class='ocrx_word' id='word_1_89' title='bbox 608 1282 701 1359; x_wconf 86' lang='lat' dir='ltr'>dicis,</span> <span class='ocrx_word' id='word_1_90' title='bbox 734 1304 868 1367; x_wconf 86' lang='lat' dir='ltr'>quaeso,</span> <span class='ocrx_word' id='word_1_91' title='bbox 893 1283 1024 1368; x_wconf 90' lang='lat' dir='ltr'>eoquod</span> <span class='ocrx_word' id='word_1_92' title='bbox 1047 1291 1181 1349; x_wconf 89' lang='lat' dir='ltr'>tantum</span> 
     </span>
     <span class='ocr_line' id='line_1_11' title="bbox 133 1386 1180 1474; baseline 0.004 -24"><span class='ocrx_word' id='word_1_93' title='bbox 133 1388 259 1450; x_wconf 87' lang='lat' dir='ltr'>malurn</span> <span class='ocrx_word' id='word_1_94' title='bbox 289 1395 350 1463; x_wconf 83' lang='lat' dir='ltr'>est,</span> <span class='ocrx_word' id='word_1_95' title='bbox 383 1386 474 1472; x_wconf 89' lang='lat' dir='ltr'>quod</span> <span class='ocrx_word' id='word_1_96' title='bbox 501 1389 536 1451; x_wconf 93' lang='lat' dir='ltr'>in</span> <span class='ocrx_word' id='word_1_97' title='bbox 562 1408 635 1452; x_wconf 90' lang='lat' dir='ltr'>mea</span> <span class='ocrx_word' id='word_1_98' title='bbox 665 1387 852 1452; x_wconf 75' lang='lat' dir='ltr'>calamitate</span> <span class='ocrx_word' id='word_1_99' title='bbox 876 1410 943 1452; x_wconf 91' lang='lat' dir='ltr'>non</span> <span class='ocrx_word' id='word_1_100' title='bbox 967 1389 1035 1453; x_wconf 85' lang='lat' dir='ltr'>sit?</span> <span class='ocrx_word' id='word_1_101' title='bbox 1065 1390 1180 1474; x_wconf 89' lang='lat' dir='ltr'>ecquis</span> 
     </span>
     <span class='ocr_line' id='line_1_12' title="bbox 133 1492 1179 1577; baseline 0.004 -23"><span class='ocrx_word' id='word_1_102' title='bbox 133 1513 294 1576; x_wconf 91' lang='lat' dir='ltr'>umquam</span> <span class='ocrx_word' id='word_1_103' title='bbox 310 1499 379 1556; x_wconf 91' lang='lat' dir='ltr'>tam</span> <span class='ocrx_word' id='word_1_104' title='bbox 395 1513 436 1556; x_wconf 85' lang='lat' dir='ltr'>ex</span> <span class='ocrx_word' id='word_1_105' title='bbox 453 1492 564 1577; x_wconf 90' lang='lat' dir='ltr'>amplo</span> <span class='ocrx_word' id='word_1_106' title='bbox 580 1498 682 1569; x_wconf 86' lang='lat' dir='ltr'>statu,</span> <span class='ocrx_word' id='word_1_107' title='bbox 701 1499 770 1557; x_wconf 89' lang='lat' dir='ltr'>tam</span> <span class='ocrx_word' id='word_1_108' title='bbox 787 1493 821 1555; x_wconf 92' lang='lat' dir='ltr'>in</span> <span class='ocrx_word' id='word_1_109' title='bbox 838 1492 925 1557; x_wconf 88' lang='lat' dir='ltr'>bona</span> <span class='ocrx_word' id='word_1_110' title='bbox 948 1513 1058 1570; x_wconf 88' lang='lat' dir='ltr'>causa,</span> <span class='ocrx_word' id='word_1_111' title='bbox 1075 1494 1179 1558; x_wconf 89' lang='lat' dir='ltr'>tantis</span> 
     </span>
     <span class='ocr_line' id='line_1_13' title="bbox 132 1595 1232 1684; baseline -0.001 -24"><span class='ocrx_word' id='word_1_112' title='bbox 132 1595 353 1660; x_wconf 82' lang='lat' dir='ltr'>facultatibus</span> <span class='ocrx_word' id='word_1_113' title='bbox 385 1597 523 1682; x_wconf 86' lang='lat' dir='ltr'>ingenii,</span> <span class='ocrx_word' id='word_1_114' title='bbox 548 1597 688 1673; x_wconf 87' lang='lat' dir='ltr'>consilii,</span> <span class='ocrx_word' id='word_1_115' title='bbox 713 1597 851 1682; x_wconf 86' lang='lat' dir='ltr'>gratiae,</span> <span class='ocrx_word' id='word_1_116' title='bbox 877 1598 980 1662; x_wconf 88' lang='lat' dir='ltr'>tantis</span> <span class='ocrx_word' id='word_1_117' title='bbox 1007 1597 1180 1684; x_wconf 82' lang='lat' dir='ltr'>praesidiis</span> <span class='ocrx_word' id='word_1_118' title='bbox 1204 1615 1232 1659; x_wconf 83' lang='lat'>15</span> 
     </span>
     <span class='ocr_line' id='line_1_14' title="bbox 133 1700 1206 1787; baseline 0.001 -22"><span class='ocrx_word' id='word_1_119' title='bbox 133 1700 296 1765; x_wconf 92' lang='lat' dir='ltr'>bonorum</span> <span class='ocrx_word' id='word_1_120' title='bbox 319 1701 469 1764; x_wconf 91' lang='lat' dir='ltr'>omnium</span> <span class='ocrx_word' id='word_1_121' title='bbox 493 1700 664 1765; x_wconf 83' lang='lat' dir='ltr'>concidit?</span> <span class='ocrx_word' id='word_1_122' title='bbox 686 1722 823 1785; x_wconf 92' lang='lat' dir='ltr'>possum</span> <span class='ocrx_word' id='word_1_123' title='bbox 846 1700 1011 1779; x_wconf 92' lang='lat' dir='ltr'>oblivisci,</span> <span class='ocrx_word' id='word_1_124' title='bbox 1028 1703 1087 1787; x_wconf 91' lang='lat' dir='ltr'>qui</span> <span class='ocrx_word' id='word_1_125' title='bbox 1111 1701 1180 1766; x_wconf 87' lang='lat' dir='ltr'>fue·</span> <span class='ocrx_word' id='word_1_126' title='bbox 1204 1779 1206 1783; x_wconf 23' lang='grc' dir='ltr'>Ι</span> 
     </span>
     <span class='ocr_line' id='line_1_15' title="bbox 133 1805 1181 1890; baseline 0.001 -22"><span class='ocrx_word' id='word_1_127' title='bbox 133 1805 219 1868; x_wconf 91' lang='lat' dir='ltr'>rim?</span> <span class='ocrx_word' id='word_1_128' title='bbox 250 1826 317 1869; x_wconf 92' lang='lat' dir='ltr'>non</span> <span class='ocrx_word' id='word_1_129' title='bbox 341 1805 475 1880; x_wconf 89' lang='lat' dir='ltr'>sentire,</span> <span class='ocrx_word' id='word_1_130' title='bbox 500 1806 559 1890; x_wconf 88' lang='lat' dir='ltr'>qui</span> <span class='ocrx_word' id='word_1_131' title='bbox 589 1806 680 1870; x_wconf 84' lang='lat' dir='ltr'>sim?</span> <span class='ocrx_word' id='word_1_132' title='bbox 710 1826 777 1890; x_wconf 92' lang='lat' dir='ltr'>quo</span> <span class='ocrx_word' id='word_1_133' title='bbox 801 1825 930 1869; x_wconf 81' lang='lat' dir='ltr'>caream</span> <span class='ocrx_word' id='word_1_134' title='bbox 953 1805 1088 1882; x_wconf 87' lang='lat' dir='ltr'>honore,</span> <span class='ocrx_word' id='word_1_135' title='bbox 1113 1827 1181 1889; x_wconf 88' lang='lat' dir='ltr'>qua</span> 
     </span>
     <span class='ocr_line' id='line_1_16' title="bbox 133 1907 1180 1996; baseline 0 -24"><span class='ocrx_word' id='word_1_136' title='bbox 133 1909 250 1996; x_wconf 87' lang='lat' dir='ltr'>gloria,</span> <span class='ocrx_word' id='word_1_137' title='bbox 283 1908 405 1993; x_wconf 89' lang='lat' dir='ltr'>quibus</span> <span class='ocrx_word' id='word_1_138' title='bbox 444 1909 567 1985; x_wconf 90' lang='lat' dir='ltr'>liberis,</span> <span class='ocrx_word' id='word_1_139' title='bbox 599 1908 722 1993; x_wconf 93' lang='lat' dir='ltr'>quibus</span> <span class='ocrx_word' id='word_1_140' title='bbox 761 1907 916 1985; x_wconf 86' lang='lat' dir='ltr'>fortunis,</span> <span class='ocrx_word' id='word_1_141' title='bbox 949 1930 1016 1993; x_wconf 92' lang='lat' dir='ltr'>quo</span> <span class='ocrx_word' id='word_1_142' title='bbox 1054 1909 1180 1974; x_wconf 85' lang='lat' dir='ltr'>fratre?</span> 
     </span>
     <span class='ocr_line' id='line_1_17' title="bbox 134 2013 1178 2099; baseline 0 -23"><span class='ocrx_word' id='word_1_143' title='bbox 134 2035 235 2097; x_wconf 91' lang='lat' dir='ltr'>quem</span> <span class='ocrx_word' id='word_1_144' title='bbox 251 2034 324 2099; x_wconf 88' lang='lat' dir='ltr'>ego,</span> <span class='ocrx_word' id='word_1_145' title='bbox 342 2020 381 2076; x_wconf 85' lang='lat' dir='ltr'>ut</span> <span class='ocrx_word' id='word_1_146' title='bbox 405 2034 530 2078; x_wconf 92' lang='lat' dir='ltr'>novum</span> <span class='ocrx_word' id='word_1_147' title='bbox 554 2013 753 2077; x_wconf 86' lang='lat' dir='ltr'>calamitatis</span> <span class='ocrx_word' id='word_1_148' title='bbox 778 2034 886 2098; x_wconf 86' lang='lat' dir='ltr'>genus</span> <span class='ocrx_word' id='word_1_149' title='bbox 910 2013 1075 2090; x_wconf 69' lang='lat' dir='ltr'>attendas</span> <span class='ocrx_word' id='word_1_150' title='bbox 1101 2035 1178 2078; x_wconf 89' lang='lat' dir='ltr'>oum</span> 
     </span>
     <span class='ocr_line' id='line_1_18' title="bbox 133 2116 1234 2202; baseline 0.002 -22"><span class='ocrx_word' id='word_1_151' title='bbox 133 2117 241 2202; x_wconf 91' lang='lat' dir='ltr'>pluris</span> <span class='ocrx_word' id='word_1_152' title='bbox 271 2116 416 2182; x_wconf 83' lang='lat' dir='ltr'>facerem</span> <span class='ocrx_word' id='word_1_153' title='bbox 447 2139 548 2202; x_wconf 90' lang='lat' dir='ltr'>quam</span> <span class='ocrx_word' id='word_1_154' title='bbox 571 2138 623 2181; x_wconf 92' lang='lat' dir='ltr'>me</span> <span class='ocrx_word' id='word_1_155' title='bbox 654 2118 764 2202; x_wconf 92' lang='lat' dir='ltr'>ipsum</span> <span class='ocrx_word' id='word_1_156' title='bbox 794 2137 990 2202; x_wconf 87' lang='lat' dir='ltr'>semperque</span> <span class='ocrx_word' id='word_1_157' title='bbox 1019 2117 1180 2195; x_wconf 85' lang='lat' dir='ltr'>fecissem,</span> <span class='ocrx_word' id='word_1_158' title='bbox 1205 2137 1234 2182; x_wconf 79' lang='lat'>20</span> 
     </span>
     <span class='ocr_line' id='line_1_19' title="bbox 134 2221 1180 2307; baseline 0.002 -21"><span class='ocrx_word' id='word_1_159' title='bbox 134 2222 240 2286; x_wconf 88' lang='lat' dir='ltr'>vitavi</span> <span class='ocrx_word' id='word_1_160' title='bbox 263 2243 305 2286; x_wconf 89' lang='lat' dir='ltr'>ne</span> <span class='ocrx_word' id='word_1_161' title='bbox 329 2221 488 2298; x_wconf 92' lang='lat' dir='ltr'>viderem,</span> <span class='ocrx_word' id='word_1_162' title='bbox 506 2243 547 2285; x_wconf 94' lang='lat' dir='ltr'>ne</span> <span class='ocrx_word' id='word_1_163' title='bbox 572 2229 632 2285; x_wconf 90' lang='lat' dir='ltr'>aut</span> <span class='ocrx_word' id='word_1_164' title='bbox 654 2222 746 2286; x_wconf 90' lang='lat' dir='ltr'>illius</span> <span class='ocrx_word' id='word_1_165' title='bbox 770 2221 900 2286; x_wconf 93' lang='lat' dir='ltr'>luctum</span> <span class='ocrx_word' id='word_1_166' title='bbox 925 2222 1180 2307; x_wconf 88' lang='lat' dir='ltr'>squaloremque</span> 
     </span>
     <span class='ocr_line' id='line_1_20' title="bbox 133 2324 1179 2412; baseline 0.001 -21"><span class='ocrx_word' id='word_1_167' title='bbox 133 2327 314 2410; x_wconf 88' lang='lat' dir='ltr'>aspicerem</span> <span class='ocrx_word' id='word_1_168' title='bbox 330 2333 390 2389; x_wconf 89' lang='lat' dir='ltr'>aut</span> <span class='ocrx_word' id='word_1_169' title='bbox 405 2349 468 2403; x_wconf 91' lang='lat' dir='ltr'>me,</span> <span class='ocrx_word' id='word_1_170' title='bbox 487 2347 588 2410; x_wconf 92' lang='lat' dir='ltr'>quem</span> <span class='ocrx_word' id='word_1_171' title='bbox 610 2326 667 2390; x_wconf 90' lang='lat' dir='ltr'>ille</span> <span class='ocrx_word' id='word_1_172' title='bbox 691 2324 966 2390; x_wconf 89' lang='lat' dir='ltr'>florentissimum</span> <span class='ocrx_word' id='word_1_173' title='bbox 988 2327 1179 2412; x_wconf 87' lang='lat' dir='ltr'>reliquerat,</span> 
     </span>
     <span class='ocr_line' id='line_1_21' title="bbox 133 2428 1181 2516; baseline 0.002 -22"><span class='ocrx_word' id='word_1_174' title='bbox 133 2430 303 2516; x_wconf 89' lang='lat' dir='ltr'>perditum</span> <span class='ocrx_word' id='word_1_175' title='bbox 320 2430 370 2493; x_wconf 92' lang='lat' dir='ltr'>illi</span> <span class='ocrx_word' id='word_1_176' title='bbox 386 2429 614 2514; x_wconf 89' lang='lat' dir='ltr'>afflictumque</span> <span class='ocrx_word' id='word_1_177' title='bbox 631 2428 793 2500; x_wconf 81' lang='lat' dir='ltr'>offerrem.</span> <span class='ocrx_word' id='word_1_178' title='bbox 842 2429 945 2494; x_wconf 91' lang='lat' dir='ltr'>Mitto</span> <span class='ocrx_word' id='word_1_179' title='bbox 962 2440 1071 2496; x_wconf 89' lang='lat' dir='ltr'>cetera</span> <span class='ocrx_word' id='word_1_180' title='bbox 1099 2432 1181 2497; x_wconf 84' lang='lat' dir='ltr'>into</span> 
     </span>
     <span class='ocr_line' id='line_1_22' title="bbox 133 2533 1180 2618; baseline 0.001 -20"><span class='ocrx_word' id='word_1_181' title='bbox 133 2534 302 2610; x_wconf 82' lang='lat' dir='ltr'>lerabilia.;</span> <span class='ocrx_word' id='word_1_182' title='bbox 330 2536 455 2599; x_wconf 90' lang='lat' dir='ltr'>etenim</span> <span class='ocrx_word' id='word_1_183' title='bbox 478 2533 560 2599; x_wconf 91' lang='lat' dir='ltr'>fletu</span> <span class='ocrx_word' id='word_1_184' title='bbox 586 2533 756 2618; x_wconf 89' lang='lat' dir='ltr'>impedior.</span> <span class='ocrx_word' id='word_1_185' title='bbox 812 2533 878 2598; x_wconf 91' lang='lat' dir='ltr'>Hic</span> <span class='ocrx_word' id='word_1_186' title='bbox 904 2542 1019 2598; x_wconf 89' lang='lat' dir='ltr'>utrum</span> <span class='ocrx_word' id='word_1_187' title='bbox 1044 2535 1180 2601; x_wconf 88' lang='lat' dir='ltr'>tandem</span> 
     </span>
     <span class='ocr_line' id='line_1_23' title="bbox 133 2637 1234 2723; baseline -0.003 -20"><span class='ocrx_word' id='word_1_188' title='bbox 133 2659 208 2703; x_wconf 90' lang='lat' dir='ltr'>sum</span> <span class='ocrx_word' id='word_1_189' title='bbox 224 2637 441 2715; x_wconf 89' lang='lat' dir='ltr'>accusandus,</span> <span class='ocrx_word' id='word_1_190' title='bbox 455 2637 546 2723; x_wconf 91' lang='lat' dir='ltr'>quod</span> <span class='ocrx_word' id='word_1_191' title='bbox 562 2638 668 2714; x_wconf 88' lang='lat' dir='ltr'>doleo,</span> <span class='ocrx_word' id='word_1_192' title='bbox 684 2659 737 2714; x_wconf 90' lang='lat' dir='ltr'>an,</span> <span class='ocrx_word' id='word_1_193' title='bbox 754 2639 845 2723; x_wconf 93' lang='lat' dir='ltr'>quod</span> <span class='ocrx_word' id='word_1_194' title='bbox 869 2640 1027 2714; x_wconf 89' lang='lat' dir='ltr'>commisi,</span> <span class='ocrx_word' id='word_1_195' title='bbox 1045 2646 1084 2703; x_wconf 93' lang='lat' dir='ltr'>ut</span> <span class='ocrx_word' id='word_1_196' title='bbox 1100 2638 1180 2704; x_wconf 92' lang='lat' dir='ltr'>haec</span> <span class='ocrx_word' id='word_1_197' title='bbox 1204 2655 1234 2700; x_wconf 78' lang='lat' dir='ltr'>aa</span> 
     </span>
     <span class='ocr_line' id='line_1_24' title="bbox 134 2740 1181 2828; baseline 0.001 -21"><span class='ocrx_word' id='word_1_198' title='bbox 134 2766 202 2808; x_wconf 92' lang='lat' dir='ltr'>non</span> <span class='ocrx_word' id='word_1_199' title='bbox 217 2750 278 2807; x_wconf 90' lang='lat' dir='ltr'>aut</span> <span class='ocrx_word' id='word_1_200' title='bbox 292 2743 523 2808; x_wconf 88' lang='lat' dir='ltr'>retinerem—</span> <span class='ocrx_word' id='word_1_201' title='bbox 535 2741 626 2827; x_wconf 92' lang='lat' dir='ltr'>quod</span> <span class='ocrx_word' id='word_1_202' title='bbox 642 2740 740 2807; x_wconf 80' lang='lat' dir='ltr'>facile</span> <span class='ocrx_word' id='word_1_203' title='bbox 757 2742 886 2820; x_wconf 87' lang='lat' dir='ltr'>fuisset,</span> <span class='ocrx_word' id='word_1_204' title='bbox 899 2744 963 2808; x_wconf 88' lang='lat' dir='ltr'>nisi</span> <span class='ocrx_word' id='word_1_205' title='bbox 974 2744 1062 2808; x_wconf 91' lang='lat' dir='ltr'>intra</span> <span class='ocrx_word' id='word_1_206' title='bbox 1077 2744 1181 2828; x_wconf 91' lang='lat' dir='ltr'>parie-</span> 
     </span>
     <span class='ocr_line' id='line_1_25' title="bbox 134 2847 1180 2932; baseline 0 -19"><span class='ocrx_word' id='word_1_207' title='bbox 134 2856 185 2913; x_wconf 89' lang='lat' dir='ltr'>tes</span> <span class='ocrx_word' id='word_1_208' title='bbox 201 2869 291 2921; x_wconf 89' lang='lat' dir='ltr'>meos</span> <span class='ocrx_word' id='word_1_209' title='bbox 308 2847 349 2911; x_wconf 91' lang='lat' dir='ltr'>de</span> <span class='ocrx_word' id='word_1_210' title='bbox 366 2868 438 2912; x_wconf 88' lang='lat' dir='ltr'>mea</span> <span class='ocrx_word' id='word_1_211' title='bbox 453 2848 599 2932; x_wconf 90' lang='lat' dir='ltr'>pernicie</span> <span class='ocrx_word' id='word_1_212' title='bbox 616 2847 753 2911; x_wconf 89' lang='lat' dir='ltr'>consilia</span> <span class='ocrx_word' id='word_1_213' title='bbox 769 2848 935 2913; x_wconf 91' lang='lat' dir='ltr'>inirentur</span> <span class='ocrx_word' id='word_1_214' title='bbox 946 2886 998 2923; x_wconf 95' lang='lat'>—,</span> <span class='ocrx_word' id='word_1_215' title='bbox 1015 2860 1075 2911; x_wconf 88' lang='lat' dir='ltr'>aut</span> <span class='ocrx_word' id='word_1_216' title='bbox 1091 2856 1180 2913; x_wconf 90' lang='lat' dir='ltr'>certe</span> 
     </span>
    </p>
   </div>
   <div class='ocr_carea' id='block_1_3' title="bbox 134 3052 1287 3887">
    <p class='ocr_par' dir='ltr' id='par_1_3' title="bbox 134 3052 1287 3887">
     <span class='ocr_line' id='line_1_26' title="bbox 167 3052 1198 3116; baseline -0.002 -12"><span class='ocrx_word' id='word_1_217' title='bbox 167 3053 286 3111; x_wconf 68' lang='lat' dir='ltr'>§aaa</span> <span class='ocrx_word' id='word_1_218' title='bbox 304 3053 369 3111; x_wconf 80' lang='lat' dir='ltr'>sim,</span> <span class='ocrx_word' id='word_1_219' title='bbox 382 3055 451 3103; x_wconf 89' lang='lat' dir='ltr'>asin</span> <span class='ocrx_word' id='word_1_220' title='bbox 464 3055 513 3116; x_wconf 80' lang='lat' dir='ltr'>Ep.</span> <span class='ocrx_word' id='word_1_221' title='bbox 529 3054 610 3103; x_wconf 88' lang='lat' dir='ltr'>XIII.</span> <span class='ocrx_word' id='word_1_222' title='bbox 622 3053 647 3101; x_wconf 91' lang='lat'>1.</span> <span class='ocrx_word' id='word_1_223' title='bbox 702 3052 1001 3116; x_wconf 76' lang='lat' dir='ltr'>§2.11-20.qu0d.</span> <span class='ocrx_word' id='word_1_224' title='bbox 1024 3089 1029 3102; x_wconf 95' lang='lat'>.</span> <span class='ocrx_word' id='word_1_225' title='bbox 1053 3090 1058 3101; x_wconf 93' lang='lat'>.</span> <span class='ocrx_word' id='word_1_226' title='bbox 1081 3053 1198 3103; x_wconf 85' lang='lat' dir='ltr'>obiur··</span> 
     </span>
     <span class='ocr_line' id='line_1_27' title="bbox 134 3128 1182 3193; baseline -0.003 -13"><span class='ocrx_word' id='word_1_227' title='bbox 134 3132 158 3181; x_wconf 82' lang='lat'>4.</span> <span class='ocrx_word' id='word_1_228' title='bbox 182 3128 363 3187; x_wconf 83' lang='lat' dir='ltr'>ibidem,‘in</span> <span class='ocrx_word' id='word_1_229' title='bbox 372 3130 417 3179; x_wconf 90' lang='lat' dir='ltr'>the</span> <span class='ocrx_word' id='word_1_230' title='bbox 425 3129 499 3192; x_wconf 86' lang='lat' dir='ltr'>place</span> <span class='ocrx_word' id='word_1_231' title='bbox 511 3131 568 3193; x_wconf 85' lang='lat' dir='ltr'>just</span> <span class='ocrx_word' id='word_1_232' title='bbox 575 3144 649 3180; x_wconf 90' lang='lat' dir='ltr'>men-</span> <span class='ocrx_word' id='word_1_233' title='bbox 671 3141 738 3190; x_wconf 80' lang='lat' dir='ltr'>gas:</span> <span class='ocrx_word' id='word_1_234' title='bbox 755 3129 864 3192; x_wconf 82' lang='lat' dir='ltr'>explain</span> <span class='ocrx_word' id='word_1_235' title='bbox 883 3131 929 3180; x_wconf 87' lang='lat' dir='ltr'>the</span> <span class='ocrx_word' id='word_1_236' title='bbox 951 3130 1048 3181; x_wconf 87' lang='lat' dir='ltr'>clause.</span> <span class='ocrx_word' id='word_1_237' title='bbox 1084 3129 1182 3191; x_wconf 77' lang='lat' dir='ltr'>pluria</span> 
     </span>
     <span class='ocr_line' id='line_1_28' title="bbox 135 3205 1183 3268; baseline -0.004 -11"><span class='ocrx_word' id='word_1_238' title='bbox 135 3205 247 3257; x_wconf 84' lang='lat' dir='ltr'>tioned.&#39;</span> <span class='ocrx_word' id='word_1_239' title='bbox 283 3205 323 3254; x_wconf 86' lang='lat' dir='ltr'>ad</span> <span class='ocrx_word' id='word_1_240' title='bbox 340 3208 380 3263; x_wconf 86' lang='lat' dir='ltr'>te,</span> <span class='ocrx_word' id='word_1_241' title='bbox 394 3206 439 3255; x_wconf 89' lang='lat' dir='ltr'>‘to</span> <span class='ocrx_word' id='word_1_242' title='bbox 450 3221 517 3268; x_wconf 85' lang='lat' dir='ltr'>your</span> <span class='ocrx_word' id='word_1_243' title='bbox 534 3205 646 3256; x_wconf 79' lang='lat' dir='ltr'>housez’</span> <span class='ocrx_word' id='word_1_244' title='bbox 670 3205 806 3255; x_wconf 78' lang='lat' dir='ltr'>iacerem</span> <span class='ocrx_word' id='word_1_245' title='bbox 823 3241 828 3253; x_wconf 94' lang='lat'>.</span> <span class='ocrx_word' id='word_1_246' title='bbox 846 3241 852 3253; x_wconf 92' lang='lat'><strong>.</strong></span> <span class='ocrx_word' id='word_1_247' title='bbox 873 3241 878 3253; x_wconf 94' lang='lat'><em>.</em></span> <span class='ocrx_word' id='word_1_248' title='bbox 895 3206 1048 3262; x_wconf 65' lang='lat' dir='ltr'>technam,</span> <span class='ocrx_word' id='word_1_249' title='bbox 1063 3205 1151 3255; x_wconf 87' lang='lat' dir='ltr'>‘since</span> <span class='ocrx_word' id='word_1_250' title='bbox 1169 3205 1183 3253; x_wconf 95' lang='lat' dir='ltr'>I</span> 
     </span>
     <span class='ocr_line' id='line_1_29' title="bbox 136 3280 1181 3344; baseline -0.004 -10"><span class='ocrx_word' id='word_1_251' title='bbox 136 3298 180 3334; x_wconf 88' lang='lat' dir='ltr'>see</span> <span class='ocrx_word' id='word_1_252' title='bbox 201 3298 236 3333; x_wconf 92' lang='lat' dir='ltr'>on</span> <span class='ocrx_word' id='word_1_253' title='bbox 260 3282 283 3332; x_wconf 92' lang='lat' dir='ltr'>I.</span> <span class='ocrx_word' id='word_1_254' title='bbox 307 3280 353 3330; x_wconf 82' lang='lat'>19.</span> <span class='ocrx_word' id='word_1_255' title='bbox 378 3283 402 3332; x_wconf 87' lang='lat'>4.</span> <span class='ocrx_word' id='word_1_256' title='bbox 438 3283 482 3332; x_wconf 89' lang='lat' dir='ltr'>He</span> <span class='ocrx_word' id='word_1_257' title='bbox 504 3297 598 3332; x_wconf 91' lang='lat' dir='ltr'>means</span> <span class='ocrx_word' id='word_1_258' title='bbox 620 3287 649 3332; x_wconf 90' lang='lat' dir='ltr'>to</span> <span class='ocrx_word' id='word_1_259' title='bbox 671 3281 758 3343; x_wconf 86' lang='lat' dir='ltr'>cared,</span> <span class='ocrx_word' id='word_1_260' title='bbox 769 3282 822 3330; x_wconf 87' lang='lat' dir='ltr'>and</span> <span class='ocrx_word' id='word_1_261' title='bbox 835 3281 933 3344; x_wconf 82' lang='lat' dir='ltr'>always</span> <span class='ocrx_word' id='word_1_262' title='bbox 944 3281 998 3331; x_wconf 90' lang='lat' dir='ltr'>had</span> <span class='ocrx_word' id='word_1_263' title='bbox 1011 3281 1088 3331; x_wconf 87' lang='lat' dir='ltr'>cared</span> <span class='ocrx_word' id='word_1_264' title='bbox 1098 3294 1181 3342; x_wconf 87' lang='lat' dir='ltr'>more,</span> 
     </span>
     <span class='ocr_line' id='line_1_30' title="bbox 136 3357 1180 3421; baseline -0.003 -12"><span class='ocrx_word' id='word_1_265' title='bbox 136 3361 302 3410; x_wconf 87' lang='lat' dir='ltr'>Buthrotum</span> <span class='ocrx_word' id='word_1_266' title='bbox 312 3357 372 3421; x_wconf 83' lang='lat' dir='ltr'>(Ep.</span> <span class='ocrx_word' id='word_1_267' title='bbox 384 3359 467 3409; x_wconf 88' lang='lat' dir='ltr'>XIII.</span> <span class='ocrx_word' id='word_1_268' title='bbox 477 3359 502 3407; x_wconf 91' lang='lat'>1.</span> <span class='ocrx_word' id='word_1_269' title='bbox 514 3359 551 3420; x_wconf 87' lang='grc'>6),</span> <span class='ocrx_word' id='word_1_270' title='bbox 560 3360 649 3409; x_wconf 87' lang='lat' dir='ltr'>where</span> <span class='ocrx_word' id='word_1_271' title='bbox 672 3364 721 3407; x_wconf 90' lang='lat' dir='ltr'>etc.</span> <span class='ocrx_word' id='word_1_272' title='bbox 729 3357 750 3406; x_wconf 89' lang='lat'>:’</span> <span class='ocrx_word' id='word_1_273' title='bbox 769 3358 812 3407; x_wconf 82' lang='lat' dir='ltr'>for</span> <span class='ocrx_word' id='word_1_274' title='bbox 820 3357 911 3419; x_wconf 76' lang='lat' dir='ltr'>ptura</span> <span class='ocrx_word' id='word_1_275' title='bbox 920 3359 955 3407; x_wconf 85' lang='lat' dir='ltr'>cf.</span> <span class='ocrx_word' id='word_1_276' title='bbox 968 3358 1119 3419; x_wconf 66' lang='lat' dir='ltr'>permeant,</span> <span class='ocrx_word' id='word_1_277' title='bbox 1131 3357 1180 3420; x_wconf 84' lang='lat' dir='ltr'>Ep.</span> 
     </span>
     <span class='ocr_line' id='line_1_31' title="bbox 136 3433 803 3498; baseline -0.003 -12"><span class='ocrx_word' id='word_1_278' title='bbox 136 3451 209 3486; x_wconf 85' lang='lat' dir='ltr'>news</span> <span class='ocrx_word' id='word_1_279' title='bbox 232 3435 310 3485; x_wconf 87' lang='lat' dir='ltr'>could</span> <span class='ocrx_word' id='word_1_280' title='bbox 334 3435 366 3485; x_wconf 89' lang='lat' dir='ltr'>be</span> <span class='ocrx_word' id='word_1_281' title='bbox 384 3435 439 3485; x_wconf 92' lang='lat' dir='ltr'>had</span> <span class='ocrx_word' id='word_1_282' title='bbox 459 3450 533 3486; x_wconf 87' lang='lat' dir='ltr'>more</span> <span class='ocrx_word' id='word_1_283' title='bbox 557 3435 646 3498; x_wconf 79' lang='lat' dir='ltr'>easily.</span> <span class='ocrx_word' id='word_1_284' title='bbox 672 3433 706 3485; x_wconf 88' lang='lat' dir='ltr'>V.</span> <span class='ocrx_word' id='word_1_285' title='bbox 721 3433 746 3482; x_wconf 85' lang='grc'>3.</span> <span class='ocrx_word' id='word_1_286' title='bbox 764 3435 803 3484; x_wconf 81' lang='lat'>28.</span> 
     </span>
     <span class='ocr_line' id='line_1_32' title="bbox 136 3509 1207 3575; baseline -0.003 -13"><span class='ocrx_word' id='word_1_287' title='bbox 136 3514 204 3571; x_wconf 79' lang='lat' dir='ltr'>ista,</span> <span class='ocrx_word' id='word_1_288' title='bbox 224 3511 316 3562; x_wconf 88' lang='lat' dir='ltr'>‘those</span> <span class='ocrx_word' id='word_1_289' title='bbox 335 3513 418 3575; x_wconf 85' lang='lat' dir='ltr'>hopes</span> <span class='ocrx_word' id='word_1_290' title='bbox 435 3513 465 3562; x_wconf 85' lang='lat' dir='ltr'>oi</span> <span class='ocrx_word' id='word_1_291' title='bbox 486 3511 593 3575; x_wconf 85' lang='lat' dir='ltr'>yonrs:’</span> <span class='ocrx_word' id='word_1_292' title='bbox 613 3512 647 3562; x_wconf 83' lang='lat' dir='ltr'>ci.</span> <span class='ocrx_word' id='word_1_293' title='bbox 703 3510 805 3559; x_wconf 82' lang='lat'><strong>24-27.</strong></span> <span class='ocrx_word' id='word_1_294' title='bbox 822 3509 891 3568; x_wconf 82' lang='lat' dir='ltr'>Hic,</span> <span class='ocrx_word' id='word_1_295' title='bbox 908 3509 1010 3560; x_wconf 89' lang='lat' dir='ltr'>‘under</span> <span class='ocrx_word' id='word_1_296' title='bbox 1034 3511 1110 3560; x_wconf 90' lang='lat' dir='ltr'>these</span> <span class='ocrx_word' id='word_1_297' title='bbox 1133 3510 1184 3559; x_wconf 91' lang='lat' dir='ltr'>cir·</span> <span class='ocrx_word' id='word_1_298' title='bbox 1205 3569 1207 3573; x_wconf 36' lang='grc'><strong>,</strong></span> 
     </span>
     <span class='ocr_line' id='line_1_33' title="bbox 136 3582 1180 3652; baseline -0.007 -12"><span class='ocrx_word' id='word_1_299' title='bbox 136 3591 186 3652; x_wconf 82' lang='lat' dir='ltr'>Ep.</span> <span class='ocrx_word' id='word_1_300' title='bbox 196 3588 260 3639; x_wconf 90' lang='lat' dir='ltr'>XV.</span> <span class='ocrx_word' id='word_1_301' title='bbox 270 3588 295 3637; x_wconf 85' lang='lat'>2.</span> <span class='ocrx_word' id='word_1_302' title='bbox 303 3590 343 3638; x_wconf 79' lang='lat'>26.</span> <span class='ocrx_word' id='word_1_303' title='bbox 377 3587 568 3637; x_wconf 75' lang='lat' dir='ltr'>discordiam</span> <span class='ocrx_word' id='word_1_304' title='bbox 575 3588 650 3637; x_wconf 78' lang='lat' dir='ltr'>iato-</span> <span class='ocrx_word' id='word_1_305' title='bbox 673 3585 870 3635; x_wconf 86' lang='lat' dir='ltr'>cnmstances:’</span> <span class='ocrx_word' id='word_1_306' title='bbox 884 3582 928 3634; x_wconf 83' lang='lat' dir='ltr'>se&#39;e</span> <span class='ocrx_word' id='word_1_307' title='bbox 938 3599 974 3634; x_wconf 92' lang='lat' dir='ltr'>on</span> <span class='ocrx_word' id='word_1_308' title='bbox 987 3586 1024 3635; x_wconf 85' lang='lat'>11.</span> <span class='ocrx_word' id='word_1_309' title='bbox 1036 3585 1081 3633; x_wconf 81' lang='lat'>1³.</span> <span class='ocrx_word' id='word_1_310' title='bbox 1093 3586 1134 3646; x_wconf 78' lang='lat'>143</span> <span class='ocrx_word' id='word_1_311' title='bbox 1146 3584 1180 3634; x_wconf 83' lang='lat' dir='ltr'>ci.</span> 
     </span>
     <span class='ocr_line' id='line_1_34' title="bbox 136 3659 1244 3726; baseline -0.007 -10"><span class='ocrx_word' id='word_1_312' title='bbox 136 3678 217 3716; x_wconf 82' lang='lat' dir='ltr'>rum:</span> <span class='ocrx_word' id='word_1_313' title='bbox 238 3661 349 3715; x_wconf 83' lang='lat' dir='ltr'>Clodius</span> <span class='ocrx_word' id='word_1_314' title='bbox 366 3665 420 3714; x_wconf 92' lang='lat' dir='ltr'>had</span> <span class='ocrx_word' id='word_1_315' title='bbox 438 3664 545 3726; x_wconf 86' lang='lat' dir='ltr'>already</span> <span class='ocrx_word' id='word_1_316' title='bbox 562 3664 650 3726; x_wconf 85' lang='lat' dir='ltr'>began</span> <span class='ocrx_word' id='word_1_317' title='bbox 674 3663 722 3724; x_wconf 81' lang='lat' dir='ltr'>Ep.</span> <span class='ocrx_word' id='word_1_318' title='bbox 736 3661 872 3713; x_wconf 69' lang='lat' dir='ltr'>liram.</span> <span class='ocrx_word' id='word_1_319' title='bbox 892 3659 1183 3717; x_wconf 70' lang='lat' dir='ltr'>haecnonautetc.:</span> <span class='ocrx_word' id='word_1_320' title='bbox 1241 3669 1244 3673; x_wconf 86' lang='grc'>’</span> 
     </span>
     <span class='ocr_line' id='line_1_35' title="bbox 137 3734 1287 3808; baseline -0.007 -17"><span class='ocrx_word' id='word_1_321' title='bbox 137 3739 181 3792; x_wconf 85' lang='lat' dir='ltr'>his</span> <span class='ocrx_word' id='word_1_322' title='bbox 192 3740 298 3791; x_wconf 85' lang='lat' dir='ltr'>attacks</span> <span class='ocrx_word' id='word_1_323' title='bbox 310 3754 383 3803; x_wconf 89' lang='lat' dir='ltr'>upon</span> <span class='ocrx_word' id='word_1_324' title='bbox 396 3739 495 3790; x_wconf 83' lang='lat' dir='ltr'>Caesar</span> <span class='ocrx_word' id='word_1_325' title='bbox 506 3738 560 3788; x_wconf 91' lang='lat' dir='ltr'>and</span> <span class='ocrx_word' id='word_1_326' title='bbox 571 3739 651 3788; x_wconf 92' lang='lat' dir='ltr'>Pom·</span> <span class='ocrx_word' id='word_1_327' title='bbox 674 3739 728 3798; x_wconf 86' lang='lat' dir='ltr'>i.e.,</span> <span class='ocrx_word' id='word_1_328' title='bbox 738 3737 772 3786; x_wconf 85' lang='lat' dir='ltr'>he</span> <span class='ocrx_word' id='word_1_329' title='bbox 780 3736 876 3785; x_wconf 84' lang='lat' dir='ltr'>should</span> <span class='ocrx_word' id='word_1_330' title='bbox 885 3736 954 3784; x_wconf 89' lang='lat' dir='ltr'>have</span> <span class='ocrx_word' id='word_1_331' title='bbox 964 3734 1130 3784; x_wconf 86' lang='lat' dir='ltr'>maintained</span> <span class='ocrx_word' id='word_1_332' title='bbox 1140 3735 1184 3784; x_wconf 81' lang='lat' dir='ltr'>his</span> <span class='ocrx_word' id='word_1_333' title='bbox 1285 3803 1287 3808; x_wconf 19' lang='grc' dir='ltr'><strong><em>Δ</em></strong></span> 
     </span>
     <span class='ocr_line' id='line_1_36' title="bbox 136 3809 1182 3887; baseline -0.007 -18"><span class='ocrx_word' id='word_1_334' title='bbox 136 3818 227 3887; x_wconf 79' lang='lat' dir='ltr'>peius:</span> <span class='ocrx_word' id='word_1_335' title='bbox 244 3829 289 3867; x_wconf 86' lang='lat' dir='ltr'>sce</span> <span class='ocrx_word' id='word_1_336' title='bbox 302 3830 327 3881; x_wconf 74' lang='grc' dir='ltr'>ρ,</span> <span class='ocrx_word' id='word_1_337' title='bbox 340 3812 458 3879; x_wconf 60' lang='lat' dir='ltr'>latta.</span> <span class='ocrx_word' id='word_1_338' title='bbox 628 3858 631 3864; x_wconf 83' lang='lat'>.</span> <span class='ocrx_word' id='word_1_339' title='bbox 673 3812 778 3879; x_wconf 79' lang='lat' dir='ltr'>grourui</span> <span class='ocrx_word' id='word_1_340' title='bbox 790 3824 821 3863; x_wconf 91' lang='lat' dir='ltr'>or</span> <span class='ocrx_word' id='word_1_341' title='bbox 830 3811 883 3865; x_wconf 84' lang='lat' dir='ltr'>lost</span> <span class='ocrx_word' id='word_1_342' title='bbox 893 3812 914 3862; x_wconf 86' lang='lat' dir='ltr'>it</span> <span class='ocrx_word' id='word_1_343' title='bbox 922 3809 987 3874; x_wconf 84' lang='lat' dir='ltr'>only</span> <span class='ocrx_word' id='word_1_344' title='bbox 996 3809 1063 3861; x_wconf 86' lang='lat' dir='ltr'>with</span> <span class='ocrx_word' id='word_1_345' title='bbox 1071 3809 1114 3861; x_wconf 84' lang='lat' dir='ltr'>his</span> <span class='ocrx_word' id='word_1_346' title='bbox 1125 3809 1182 3866; x_wconf 73' lang='lat' dir='ltr'>liic.</span> 
     </span>
    </p>
   </div>
   <div class='ocr_carea' id='block_1_4' title="bbox 0 0 1345 4260">
    <p class='ocr_par' dir='ltr' id='par_1_4' title="bbox 0 0 1345 4260">
     <span class='ocr_line' id='line_1_37' title="bbox 0 0 1345 4260; baseline 0 0"><span class='ocrx_word' id='word_1_347' title='bbox 0 0 1345 4260; x_wconf 95' lang='lat' dir='ltr'> </span> 
     </span>
    </p>
   </div>
  </div>
 </body>
</html>
