2678 4260
54 3960 160 4000 *a

168 236 232 304 456
517 249 590 301 rao
612 250 642 300 r.
664 249 791 301 snsrro
814 248 962 301 oanrro.

221 444 336 508 preces
352 406 530 506 aspernari,
544 408 671 486 civium
687 421 832 506 denique
849 423 999 486 omnium
1015 421 1111 487 novis
1127 428 1163 486 et
1178 420 1270 485 inau-

168 543 197 588 25
220 526 299 591 ditis
315 526 435 591 edictis
452 527 505 590 ius
520 526 780 611 libertatemque
797 526 1012 611 pervertere?

168 633 206 715 iil
265 631 340 694 Etsi
355 652 407 694 me
423 619 656 695 attentissimis
672 631 791 694 animis
808 653 939 694 summa
960 652 1037 694 cum
1059 629 1270 717 benignitate

221 733 357 811 auditis,
377 732 515 810 indicae,
540 741 651 798 tamen
679 754 805 809 vereor,
833 755 874 798 ne
903 734 979 818 quis
1006 733 1093 798 forte
1119 742 1271 797 vestrum

222 839 371 914 miretur,
389 838 472 924 quid
488 839 568 902 haec
584 859 657 902 mea
680 839 785 901 oratio
809 845 878 901 tam
900 839 1002 924 longa
1026 844 1086 901 aut
1110 844 1178 900 tam
1202 838 1270 902 alte

222 943 364 1027 repetita
380 943 473 1019 velit,
490 949 550 1005 aut
569 941 652 1026 quid
675 941 717 1005 ad
742 941 779 1003 P.
798 941 886 1005 Sesti
910 963 1044 1006 causam
1067 963 1192 1018 eorum,
1209 941 1271 1026 qui

168 1061 198 1108 30
220 1055 298 1112 ante
314 1047 415 1111 huius
432 1047 642 1111 tribunatum
665 1068 733 1110 rem
758 1045 926 1131 publicam
949 1053 1128 1121 vexarunt,
1145 1044 1271 1109 delicta

221 1152 422 1236 pertineant.
469 1151 556 1214 Mihi
572 1159 685 1215 autern
702 1150 764 1213 hoo
781 1152 990 1237 propositum
1007 1157 1059 1214 est
1081 1149 1269 1226 ostendere,

221 1257 333 1320 omnia
357 1256 497 1319 consilia
523 1255 560 1317 P.
589 1254 676 1320 Sesti
707 1263 920 1339 mentemque
946 1255 1051 1318 totius
1077 1253 1270 1319 tribunatus

220 1359 306 1424 hanc
322 1359 437 1436 fuisse,
450 1366 491 1423 ut
505 1357 658 1423 adflictae
682 1367 717 1423 et
741 1358 889 1442 perditae
915 1359 962 1422 rei
985 1358 1149 1443 publicae,
1166 1379 1272 1442 quan·

221 1471 294 1527 tum
310 1472 432 1548 posset,
447 1462 646 1527 mederetur.
692 1463 744 1526 Ac
758 1463 785 1526 si
801 1465 835 1524 in
853 1462 1060 1547 exponendis
1073 1461 1270 1527 vulneribus

168 1582 198 1629 ³5
219 1568 287 1632 illis
303 1567 344 1632 de
361 1589 413 1632 me
432 1569 502 1652 ipso
519 1568 616 1652 plura
633 1567 742 1632 dicere
760 1566 907 1644 videbor,
924 1568 1135 1653 ignoscitote.
1182 1566 1270 1631 Nam

221 1678 256 1736 et
272 1672 363 1735 illam
379 1693 486 1735 meam
503 1670 631 1736 cladem
645 1694 703 1736 vos
720 1678 755 1735 et
770 1692 884 1735 omnes
900 1671 977 1735 boni
996 1671 1178 1735 maximum
1195 1692 1269 1736 esse

221 1776 268 1840 rei
284 1775 437 1860 publicae
453 1776 578 1840 vulnus
595 1776 779 1851 iudicastis,
792 1783 827 1839 et
843 1775 881 1837 P.
896 1775 1024 1840 Sestius
1040 1782 1092 1841 est
1107 1797 1185 1839 reus
1201 1770 1279 1839 non

220 1902 291 1956 suo,
308 1880 367 1945 sed
384 1902 456 1944 meo
473 1881 628 1954 nomine3
654 1881 713 1965 qui
737 1902 814 1944 oum
839 1901 972 1944 ornnem
996 1881 1067 1945 vim
1089 1880 1142 1944 sui
1167 1878 1271 1944 tribu-

221 1993 321 2048 natus
347 1986 382 2046 in
408 2006 479 2048 mea
507 1986 616 2049 salute
645 1985 901 2067 consumpserit,
926 2005 1061 2048 necesse
1086 1991 1138 2048 est
1161 2005 1270 2048 meam

167 2103 198 2149 40
219 2109 352 2152 causam
379 2089 549 2173 praeteriti
574 2088 732 2173 temporis
755 2110 831 2152 curn
847 2087 947 2164 huius
972 2088 1140 2172 praesenti
1156 2087 1269 2152 defen·

219 2193 312 2256 sione
329 2214 399 2257 esse
416 2194 640 2257 coniunctam.
724 2218 726 2220 ’

167 2299 208 2361 32
260 2314 337 2361 xiv.
363 2297 447 2360 Erat
462 2297 568 2382 igitur
589 2298 624 2360 in
647 2296 742 2360 luctu
767 2303 923 2371 senatus3
947 2295 1124 2381 squalebat
1146 2296 1267 2361 civitas

193 2465 195 2468 Α
220 2400 355 2486 publico
368 2399 507 2466 consilio
520 2408 613 2466 veste
627 2409 757 2464 mutata
770 2425 777 2476 3
800 2401 933 2464 nullum
946 2409 1017 2465 erat
1030 2400 1148 2464 Italiae
1161 2402 1269 2464 muni-

219 2505 355 2589 cipium,
381 2505 475 2567 nulla
499 2504 638 2578 colonia,
658 2505 754 2567 nulla
778 2502 999 2588 praefectura,
1023 2504 1118 2567 nulla
1142 2505 1267 2568 Romae

249 2659 295 2716 24,
314 2658 360 2708 25.
391 2659 484 2708 novis
512 2662 545 2707 et
572 2659 730 2714 inauditis,
753 2673 844 2708 seeon
858 2660 909 2708 III.
925 2658 969 2707 23.
986 2662 1009 2708 2.
1045 2671 1115 2707 meo
1134 2660 1268 2718 nomine,

217 2735 246 2784 in
274 2736 321 2784 the
352 2749 412 2785 ease
442 2736 471 2784 oi
499 2737 570 2785 ciues
594 2736 729 2785 Romani:
752 2736 807 2796 i.e.,
826 2736 872 2784 tire
890 2735 993 2796 alleged
1013 2734 1145 2784 unlawiul
1164 2742 1222 2785 acts
1238 2737 1268 2785 oi

218 2822 263 2858 see
284 2823 320 2857 on
344 2810 357 2869 §
381 2810 421 2858 29.
447 2810 486 2857 32.
532 2809 581 2856 ius
605 2808 730 2857 liberta·
752 2811 1268 2873 SestiuswereperfonnediorCicero's

217 2888 351 2945 temque,
364 2899 426 2947 eg,
445 2885 473 2934 in
492 2886 538 2934 the
555 2885 730 2934 banishment
752 2889 825 2947 sake,
850 2894 899 2937 not
921 2888 964 2936 his
987 2901 1056 2937 own.
1105 2889 1268 2949 praeteriti

217 2961 247 3010 oi
264 2961 368 3010 Lamia.
751 2964 916 3025 temporis:
935 2964 978 3013 ior
990 2978 1051 3013 case
1066 2964 1119 3012 and
1138 2965 1268 3028 meaning

250 3034 263 3092 i
286 3037 325 3086 31.
358 3037 451 3086 Cicero
474 3038 563 3086 shows
586 3038 647 3085 that
674 3037 730 3086 this
752 3039 788 3088 ci.
802 3040 851 3102 Ep.
866 3040 978 3088 XXIII.
993 3040 1019 3087 2.
1033 3041 1071 3089 16.

218 3112 367 3175 digression
380 3113 402 3161 is
414 3114 552 3175 pertinent
564 3119 593 3163 to
606 3115 653 3162 the
670 3128 730 3162 ease

217 3189 248 3237 oi
264 3190 375 3239 Sestius.
784 3187 847 3246 §32¹
874 3190 936 3238 1-3.
960 3190 1060 3252 igitur,
1090 3191 1265 3254 resumptive,

250 3264 351 3312 28—34.
379 3268 445 3312 tam
481 3265 544 3313 alte
587 3266 730 3327 repetita,
752 3267 875 3329 carrying
887 3268 933 3316 the
946 3268 1064 3330 thought
1077 3268 1147 3316 back
1158 3268 1265 3329 rotat.

220 3340 317 3405 ‘going
328 3357 358 3391 so
371 3343 413 3392 far
425 3343 512 3392 back!
549 3347 621 3392 ante
633 3343 730 3392 tribu·
752 3343 862 3392 Italiae
875 3344 997 3393 modifies
1010 3345 1055 3392 the
1074 3344 1151 3393 three
1163 3344 1267 3395 follow-

218 3420 339 3467 natum:
363 3420 465 3468 Sestius
491 3419 600 3468 became
622 3420 730 3468 tribune
753 3420 799 3481 ing
818 3421 998 3469 nominatives
1017 3435 1046 3469 as
1068 3421 1170 3469 Romae
1190 3419 1219 3482 (l.
1239 3421 1266 3483 3)

218 3493 282 3556 only
296 3496 371 3544 three
384 3496 472 3544 weeks
491 3496 583 3544 before
602 3497 648 3544 the
668 3510 731 3544 eon·
753 3497 874 3545 modifies
887 3498 956 3546 four.
994 3497 1115 3553 civitas,
1129 3497 1191 3545 ‘the
1208 3498 1268 3546 citi·

218 3569 364 3634 sulshipoi
381 3572 445 3621 Piso
462 3572 516 3620 and
536 3572 669 3621 Gabinius
686 3587 731 3620 ex·
753 3572 843 3621 zens:’
865 3573 928 3621 here
949 3574 977 3621 in
1001 3574 1048 3621 the
1070 3573 1168 3622 earlier
1189 3587 1268 3625 sense

218 3647 302 3708 pired.
343 3648 529 3705 mederetur,
552 3654 602 3697 not
624 3663 659 3697 an
683 3663 732 3697 un·
752 3648 860 3711 applied
882 3655 910 3697 to
936 3649 1068 3698 residente
1088 3649 1117 3698 oi
1142 3650 1189 3699 the
1213 3651 1269 3713 city

218 3733 343 3772 common
356 3723 511 3785 metaphor:
529 3723 564 3772 ci.
580 3724 616 3772 II.
632 3722 728 3771 1210.
753 3725 824 3786 only.
871 3725 1082 3786 municipIum,
1123 3725 1268 3775 colonia:

251 3797 352 3848 ³540.
376 3801 581 3861 ignoscitote:
601 3802 643 3850 ior
660 3801 730 3849 form
753 3815 798 3849 see
810 3815 845 3849 on
859 3800 897 3849 II.
909 3801 988 3861 248,
1000 3802 1023 3849 9.
1055 3800 1267 3862 praefectura·
