2678 4260
505 226 604 339 ΙοΑΡ.
629 290 668 348 20,
692 289 705 351 s
729 281 814 340 teas.
1168 265 1230 343 32?

134 450 310 522 amandare
327 461 362 522 in
380 460 515 524 ultimas
533 468 636 525 terras
650 460 657 523 l
694 461 897 547 Utrumque
912 462 1043 528 facilius
1056 464 1182 529 Romae

135 584 183 639 ea,
207 584 293 647 quae
321 563 514 641 conabatur,
541 563 696 642 efficeret,
716 566 745 629 si
765 566 799 628 in
821 566 985 651 Hispania
1009 566 1180 631 turbatum

135 667 247 732 esset?
294 667 345 730 At
360 668 440 732 haec
458 669 528 752 ipsa
544 691 603 752 per
617 691 652 732 se
668 670 740 734 sine
764 670 833 733 ulla
858 671 1092 735 coniunctione
1109 693 1182 758 age·
1203 690 1234 737 ao

134 770 266 835 bantur.
313 772 370 834 An
401 772 436 834 in
460 773 561 835 tantis
586 772 696 850 rebus
717 782 784 837 tam
808 775 905 838 novis
928 775 1087 852 consiliis
1111 784 1180 839 tam

134 877 340 960 periculosis,
351 883 420 939 tam
436 875 641 940 turbulentis
658 877 825 942 hominem
837 879 1103 943 amantissimum
1115 880 1179 957 sui,

135 979 443 1056 familiarissimum,
457 982 769 1045 coniunctissimum
785 981 912 1059 officiis,
926 982 1179 1060 consuetudine,

136 1106 200 1148 usu
223 1083 461 1149 dimittendum
477 1107 547 1149 esse
571 1084 820 1150 arbitrabatur?
873 1086 957 1150 Veri
980 1087 1089 1151 simile
1112 1109 1179 1151 non

135 1196 196 1265 est,
219 1197 268 1265 ut,
292 1211 392 1274 quem
414 1191 449 1253 in
471 1189 627 1254 secundis
651 1190 759 1266 rebus,
784 1213 885 1275 quem
908 1192 942 1253 in
966 1192 1034 1256 otio
1052 1213 1182 1276 semper
1203 1208 1233 1253 25

134 1315 248 1358 secum
278 1293 458 1371 habuisset,
483 1294 571 1359 hunc
604 1296 637 1356 in
661 1293 809 1359 adversis
837 1303 872 1360 et
898 1296 932 1357 in
956 1317 995 1359 eo
1018 1296 1178 1373 tumultu,

135 1419 236 1481 quem
262 1399 331 1482 ipse
356 1398 576 1482 comparabat,
593 1398 635 1462 ab
661 1420 696 1463 se
724 1397 920 1464 dimitteret.
967 1399 1043 1484 Ipse
1069 1403 1233 1466 autem58

136 1500 256 1566 Sittius
291 1505 377 1586 (non
408 1503 497 1567 enim
528 1502 608 1565 mihi
639 1500 824 1567 deserenda
861 1510 914 1568 est
950 1524 1050 1567 causa
1082 1503 1180 1568 amici
1237 1544 1239 1548 »

136 1607 258 1671 veteris
274 1613 375 1692 atque
392 1606 552 1691 hospitis)
571 1609 598 1670 is
614 1606 713 1670 homo
729 1613 781 1671 est
796 1614 856 1671 aut
867 1628 906 1672 ea
919 1605 1047 1672 familia
1062 1630 1099 1672 ac
1117 1608 1181 1673 dis·

135 1705 269 1794 ciplina,
286 1718 325 1775 ut
340 1710 402 1775 hoc
419 1710 508 1775 credi
525 1711 640 1795 possit,
657 1732 734 1776 eum
750 1710 874 1775 bellum
890 1712 1015 1796 populo
1032 1712 1181 1776 Romano
1203 1731 1234 1777 ao

73 1843 75 1846 ·
136 1814 244 1879 facere
269 1815 441 1880 voluisse?
463 1821 512 1890 ut,
534 1816 630 1879 cuius
654 1822 758 1899 pater,
775 1836 852 1878 cum
875 1815 977 1879 ceteri
999 1814 1181 1880 deficerent

136 1919 270 1983 finitimi
292 1941 330 1983 ac
353 1919 467 1995 vicini,
490 1919 654 2004 singulari
677 1919 830 1983 extiterit
850 1919 886 1982 in
915 1941 985 1983 rem
1011 1918 1180 2003 publicam

136 2031 284 2088 nostram
307 2021 414 2088 officio
436 2030 472 2088 et
493 2022 568 2099 fide,
592 2023 619 2087 is
641 2022 704 2086 sibi
726 2021 893 2087 nefarium
914 2022 1043 2087 bellum
1064 2032 1180 2089 contra

135 2129 277 2213 patriam
313 2126 565 2212 suscipiendum
602 2126 761 2211 putaret?
805 2128 901 2192 cuius
939 2148 995 2192 aes
1033 2129 1180 2193 alienum

136 2230 298 2308 videmus
330 2230 469 2307 iudices
500 2252 568 2294 non
598 2229 746 2306 libidine,
778 2230 839 2296 sed
876 2233 1005 2318 negotii
1042 2233 1181 2319 gerendi
1204 2250 1234 2296 35

135 2335 249 2400 studio
273 2358 345 2400 esse
371 2343 591 2412 contractum,
618 2337 676 2420 qui
701 2337 749 2400 ita
772 2337 895 2401 Romae
920 2335 1049 2414 debuit,
1076 2346 1116 2403 ut
1144 2338 1180 2402 in

167 2611 213 2660 18.
225 2609 649 2672 Utrum:sc.eumamondobot;
703 2611 768 2671 §ta
787 2610 888 2659 27-31.
907 2611 979 2673 Ipse
997 2615 1102 2661 autem
1121 2611 1184 2660 sit-

135 2687 280 2736 theclause
288 2687 354 2736 with
363 2701 399 2736 oo
408 2685 521 2748 follows,
529 2686 546 2735 l.
556 2688 595 2748 21,
605 2687 650 2735 be·
670 2687 740 2734 tius.
776 2687 886 2750 Having
905 2689 1003 2749 argued
1024 2689 1085 2737 that
1108 2689 1183 2739 Sulla

136 2765 183 2827 ing
195 2763 361 2826 interrupted
376 2765 410 2826 by
422 2764 468 2812 the
480 2777 585 2813 answer
598 2763 648 2826 (At
671 2778 725 2813 was
743 2770 790 2813 not
808 2764 889 2826 likely
906 2770 935 2814 to
952 2766 1021 2814 have
1043 2766 1183 2827 employed

136 2878 143 2891 .
163 2878 170 2892 .
190 2878 196 2891 .
217 2841 376 2902 operantur)
387 2848 415 2889 to
424 2841 471 2889 the
485 2839 540 2890 first
549 2840 646 2890 clause.
670 2842 766 2891 Sittius
784 2842 811 2890 in
830 2842 998 2891 treasonable
1015 2842 1131 2905 designs,
1148 2843 1183 2892 he

168 2917 269 2966 20-25.
286 2916 371 2974 haec,
391 2916 499 2966 ‘affairs
523 2917 601 2966 here’
620 2922 648 2966 at
671 2931 732 2966 now
755 2917 843 2966 shows
866 2917 926 2965 that
948 2917 1043 2966 Sittius
1061 2931 1114 2966 was
1134 2923 1182 2966 not

137 2995 228 3045 Rome.
264 2994 332 3056 ipsa
355 3006 410 3056 per
430 3006 471 3051 se,
494 2993 544 3057 ‘by
564 2995 649 3043 them·
672 2993 800 3040 theman
824 2999 852 3040 to
880 2992 913 3040 be
941 2992 1003 3042 thus
1031 2992 1179 3055 employed.

136 3071 240 3132 selves,'
252 3071 278 3120 in
291 3072 436 3134 predicate,
448 3071 502 3120 and
515 3076 563 3120 not
575 3077 604 3120 to
617 3071 648 3120 be
671 3069 767 3116 enim:
796 3068 892 3131 supply
915 3069 962 3118 the
984 3068 1085 3132 ellipse.
1120 3068 1181 3118 hoo

136 3147 283 3198 connected
306 3148 371 3196 with
401 3148 488 3197 haec:
516 3149 550 3197 cf.
582 3148 646 3209 ipse,
671 3147 770 3195 credi:
788 3148 957 3209 sec0n§22.
972 3148 1010 3196 20.
1047 3158 1118 3195 oum
1130 3147 1183 3195 de·

136 3226 150 3287 ς
172 3225 211 3275 30.
239 3225 276 3274 12.
316 3224 383 3273 sine
412 3223 476 3272 ulla
504 3223 649 3273 coniunc·
670 3222 805 3280 licerent.
824 3224 850 3271 in
869 3224 915 3272 the
934 3223 1031 3272 Italian
1048 3236 1079 3271 or
1094 3222 1182 3272 Social

136 3301 230 3359 tione,
249 3300 382 3350 ‘without
399 3315 452 3363 any
469 3300 646 3350 connection’
672 3315 737 3350 war:
754 3315 798 3350 see
810 3302 871 3350 refs.
887 3316 921 3350 on
935 3300 947 3358 l
960 3303 999 3351 24.
1015 3302 1052 3351 10.

137 3379 203 3426 with
215 3382 326 3427 matters
339 3378 423 3427 there.
461 3378 519 3426 The
532 3379 649 3440 conspir-
703 3376 748 3433 35,
761 3375 806 3424 36.
824 3375 961 3434 libidine,
981 3376 1115 3426 ‘reckless
1132 3375 1182 3428 llv·

137 3467 185 3516 acy
208 3467 262 3502 was
284 3453 399 3503 crushed
428 3459 474 3504 too
502 3468 577 3514 soon,
601 3454 649 3502 but
672 3452 743 3517 ing:’
762 3466 806 3502 see
818 3453 877 3515 οὓς
892 3454 927 3502 16.
938 3453 977 3503 31.
1003 3452 1181 3515 negotii...

138 3529 231 3579 Cicero
258 3529 322 3578 does
350 3535 399 3579 not
421 3544 468 3592 say
491 3543 528 3580 so.
574 3528 649 3578 Veri
670 3527 784 3584 studio,
814 3527 1017 3590 ‘speculation'
1050 3528 1096 3576 lta
1118 3563 1124 3576 .
1146 3562 1181 3576 ..

136 3604 238 3654 simile
260 3617 324 3654 non
349 3609 407 3668 est,
432 3609 480 3653 ut:
509 3607 563 3654 this
588 3619 650 3653 con·
671 3608 712 3661 ut.
729 3603 891 3653 restrictive:
908 3604 990 3653 select
1008 3604 1182 3667 appropriate

137 3681 271 3732 structlcn
294 3695 386 3731 occurs
409 3681 472 3744 only
496 3682 574 3731 when
603 3682 650 3730 the
671 3681 827 3730 correlative
835 3681 905 3730 from
917 3685 996 3730 notes
1013 3695 1048 3730 on
1062 3683 1088 3741 ξς
1100 3681 1140 3729 42.
1157 3682 1182 3742 13

140 3754 218 3807 main
234 3753 326 3806 clause
341 3754 365 3808 is
382 3754 531 3822 negative:
550 3756 584 3807 A.
599 3758 649 3809 332
671 3757 708 3805 31.
719 3757 763 3816 233
781 3756 830 3807 IV.
845 3755 890 3804 1⁵.
905 3757 944 3804 22.
980 3753 1097 3813 debuit,
1112 3756 1183 3806 ‘was

137 3830 168 3896 s;
187 3828 221 3882 G.
233 3831 297 3894 5593
317 3829 353 3881 H.
365 3831 413 3882 501
432 3829 499 3895 Ι.2;
517 3831 548 3884 B.
560 3833 610 3884 295
622 3835 645 3884 6.
671 3832 792 3883 lndebt.’
