2678 4260
443 255 522 310 cir.
547 259 603 324 r-o,
627 259 641 324 ς
663 258 750 313 roas.
1096 249 1160 321 567

57 427 149 493 tibus
162 428 364 506 continetur,
378 453 464 515 quae
477 431 543 496 late
560 442 672 517 patere
687 457 751 498 non
768 444 919 519 possunt,
933 445 1108 523 propterea

57 529 152 614 quod
169 531 429 595 consuetudines
448 533 557 596 victus
574 556 640 597 non
668 543 810 618 possunt
825 558 898 601 esse
925 560 1002 602 cum
1026 541 1109 604 mul-

58 634 120 708 tis3
144 633 214 710 sed,
231 635 259 698 si
282 635 366 719 quid
390 658 577 720 possumus
602 661 644 702 ex
670 662 709 703 eo
734 662 922 724 possumus,
940 643 1032 727 quod
1055 667 1106 709 res

57 737 269 821 publicanos
292 740 470 803 coniunxit
493 763 570 804 cum
594 741 697 806 bonis.
745 744 796 807 Ex
817 745 941 829 quibus
958 748 1014 813 ille
1031 770 1107 813 curn
1131 766 1160 810 aa

59 842 203 925 optimos
230 843 319 907 viros
349 844 476 929 legeret
506 845 607 930 idque
639 849 782 912 maxime
812 848 855 911 ad
887 849 985 915 fidem
1011 874 1105 916 suam

57 947 223 1029 pertinere
247 947 473 1024 arbitraretur,
491 971 557 1013 non
582 952 694 1034 potuit
715 952 825 1037 legere
849 975 916 1016 non
939 955 1106 1021 studiosos

57 1051 133 1113 mei.
180 1050 281 1129 Quod
305 1073 383 1116 vero
408 1059 450 1127 te,
476 1052 513 1115 L.
539 1053 677 1130 Domiti,
700 1055 777 1119 huic
802 1059 990 1140 quaestioni
1015 1066 1159 1143 prae-22

57 1176 128 1219 esse
146 1156 287 1219 maxime
304 1156 422 1231 voluit,
440 1156 523 1219 nihil
543 1159 712 1242 quaesivit
734 1159 826 1223 aliud
851 1163 915 1225 nisi
932 1163 1105 1237 iustitiam,

56 1259 267 1344 gravitatem,
285 1259 538 1335 humanitatem,
556 1261 664 1325 fidem.
713 1263 819 1337 Tulit,
837 1274 876 1330 ut
898 1269 1106 1331 consularem
1131 1283 1160 1328 so

57 1385 192 1427 necesse
209 1372 306 1439 esset,
323 1363 431 1440 credo,
449 1364 542 1447 quod
563 1365 753 1451 principum
776 1390 899 1434 munus
922 1392 993 1435 esse
1010 1370 1107 1436 duce-

56 1467 115 1531 bat
141 1469 293 1532 resistere
324 1475 360 1532 et
396 1469 528 1533 levitati
567 1470 796 1536 multitudinis
827 1482 862 1538 et
899 1474 1104 1558 perditorum

58 1573 250 1635 temeritati.
312 1572 364 1634 Ex
395 1573 625 1638 consularibus
657 1583 690 1638 te
721 1578 848 1641 creavit
881 1580 1113 1661 potissimum3

56 1674 196 1739 dederas
227 1677 326 1751 enim,
352 1696 453 1760 quam
485 1685 714 1742 contemneres
745 1681 920 1764 populares
951 1683 1104 1759 insaniae,

56 1780 123 1842 iarn
148 1778 189 1843 ab
212 1778 441 1844 adulescentia
464 1781 664 1846 documenta
688 1784 844 1848 maxima.
1128 1805 1158 1850 ao

102 1901 152 1946 ix.
178 1882 287 1961 Quam
311 1885 353 1948 oh
376 1906 456 1960 rem,
475 1884 613 1961 iudices
630 1894 669 1949 ut
693 1888 875 1971 aliquando
903 1889 945 1951 ad
973 1895 1157 1958 causam23

57 1991 250 2076 crimenque
269 1995 451 2068 veniamus,
468 1993 496 2056 si
519 2011 629 2075 neque
645 1992 752 2055 onmis
768 1991 932 2056 confessio
949 1992 1029 2057 facti
1053 2003 1105 2059 est
1161 2030 1163 2034 ·

56 2097 219 2160 inusitata
235 2120 344 2183 neque
361 2098 402 2162 de
419 2118 519 2161 causa
535 2103 648 2158 nostra
665 2095 847 2179 quicquam
863 2096 969 2171 aliter,
986 2119 1023 2162 ac
1044 2121 1104 2164 nos

57 2201 232 2276 vellemus
258 2224 277 2264 a
303 2210 422 2266 senatu
451 2199 638 2264 iudicatum
665 2207 717 2262 est
743 2207 778 2262 et
805 2201 891 2263 lator
915 2201 984 2285 ipse
1008 2202 1103 2288 legis,

56 2326 136 2367 cum
152 2313 239 2369 esset
256 2306 482 2370 controversia
501 2303 595 2366 nulla
610 2300 702 2376 facti,
720 2303 800 2365 iuris
818 2310 928 2367 tamen
946 2303 1107 2389 discepta·
1127 2324 1143 2368 o

56 2410 184 2474 tionem
200 2432 271 2475 esse
289 2410 399 2475 voluit
414 2417 449 2474 et
464 2410 495 2474 ei
519 2407 599 2471 lecti
624 2405 752 2470 iudices
777 2407 871 2490 isque
895 2409 1104 2493 praepositus

55 2521 110 2577 est
136 2515 336 2598 quaestioni,
365 2515 423 2599 qui
451 2514 531 2578 haec
556 2512 644 2575 iuste
667 2511 905 2594 sapienterque
929 2510 1103 2596 disceptet,

833 2652 1107 2661 —--—-—..

89 2719 191 2770 23-27.
223 2721 328 2782 quod
362 2723 573 2770 consuetu·
593 2714 610 2764 l.
630 2716 670 2764 28.
705 2712 1107 2777 munus‚‘o11ty:’couidtiie

56 2796 179 2853 dines,
199 2802 261 2858 etc,
284 2797 410 2848 ‘because
436 2799 483 2847 the
509 2796 572 2845 iuti·
594 2792 666 2842 word
693 2791 763 2840 have
787 2791 854 2840 been
879 2789 1017 2846 omitted?
1061 2793 1103 2844 Cf.

56 2874 156 2923 macies
173 2874 202 2923 of
223 2874 296 2936 daily
312 2874 360 2923 iiie
379 2874 490 2934 (victus)
509 2887 572 2922 ean·
592 2868 660 2918 Sest.
685 2866 732 2916 99.
755 2868 782 2929 83
800 2867 849 2929 Ep.
875 2867 925 2917 IV.
949 2867 974 2916 a
991 2869 1035 2929 863
1053 2869 1103 2921 IV.

56 2955 106 2998 not
134 2950 205 2998 exist
235 2949 300 2998 with
330 2963 412 3011 many
438 2947 567 3010 persons.’
591 2943 668 2994 822.

55 3036 120 3072 non
142 3023 247 3085 potuit
264 3024 365 3085 legere
382 3036 452 3081 non,
477 3023 568 3072 ‘could

56 3107 106 3148 not
127 3100 190 3163 help
212 3099 361 3163 choosing,’
391 3100 479 3149 ‘must
501 3101 570 3149 have
623 3096 792 3154 Nanunrm,
805 3095 998 3147 orStatement
1012 3098 1040 3147 oi
1056 3099 1104 3149 the

58 3176 177 3226 chosen.’
591 3171 679 3233 Faets,
701 3173 730 3233 ἕξ
748 3173 835 3223 23-31,
873 3172 954 3222 After
972 3174 1105 3236 recapitu-

89 3254 153 3313 §22
167 3251 268 3300 28-31.
286 3251 379 3311 Quod
394 3288 400 3300 .
415 3287 421 3299 .
435 3288 441 3300 .
454 3252 569 3302 voluit:
591 3246 677 3310 lating
688 3249 736 3297 the
754 3249 846 3309 points
863 3248 893 3298 oi
910 3249 956 3296 the
971 3248 1104 3308 Confecto-

56 3328 99 3376 ior
111 3329 157 3376 the
175 3327 264 3377 clause
282 3327 315 3377 ef.
331 3328 379 3390 Ep.
394 3327 473 3377 XIV.
488 3328 513 3375 5.
526 3327 569 3390 47;
591 3324 639 3381 tio,
654 3323 708 3372 and
726 3324 806 3386 again
824 3324 927 3386 stating
941 3324 987 3372 the
1004 3324 1058 3374 line
1075 3326 1104 3374 oi

56 3405 125 3453 Mur.
138 3404 204 3461 5.1;
222 3405 259 3453 11.
273 3404 367 3452 2221.
398 3403 568 3462 LDomitig
590 3399 701 3449 deience
731 3402 755 3459 (ξ
778 3398 830 3461 22),
855 3399 950 3451 Cicero
973 3400 1033 3450 tells
1056 3401 1103 3452 the

55 3481 140 3530 ease?
174 3481 217 3529 He
229 3481 279 3529 has
291 3480 359 3530 been
371 3480 526 3529 mentioned
539 3481 568 3528 in
589 3485 662 3542 story
673 3480 703 3529 oi
715 3482 761 3529 the
769 3481 930 3545 meetingon
938 3481 985 3529 the
994 3481 1104 3544 Appian

55 3557 105 3618 Ep.
121 3555 301 3617 111.12.179‚
317 3555 565 3617 wasconsulin54‚
589 3555 657 3619 Way
679 3558 750 3606 ironr
773 3557 864 3609 Milo's
886 3558 964 3621 point
982 3557 1011 3606 oi
1034 3559 1103 3608 view

54 3632 139 3681 killed
163 3633 190 3681 in
209 3633 241 3682 48
257 3636 287 3682 at
304 3634 450 3682 Pharsalus
467 3647 504 3681 on
521 3634 567 3682 the
591 3633 630 3694 (ii
643 3633 740 3696 2431).

54 3708 113 3757 side
124 3709 154 3758 oi
170 3709 322 3771 Pompeius.
359 3708 568 3759 consularem:
621 3706 681 3764 523.
695 3709 721 3757 5.
738 3709 814 3758 iuris
824 3709 1101 3772 disceptationem:

54 3797 91 3833 se.
106 3784 169 3833 haic
184 3784 339 3847 quaestioni
352 3796 481 3846 proeesse
498 3783 570 3836 irem
590 3783 625 3834 ei.
640 3784 707 3835 Sest.
721 3784 767 3835 40.
784 3785 824 3838 34.
