2678 4260
156 251 222 321 412
517 261 943 324 nmsromssnts'orsn.

207 441 339 508 litterae
364 441 585 527 perferentur,
602 441 665 506 hoc
684 442 786 507 velim
810 442 1007 528 diligentius
1030 443 1151 520 omnia,
1169 464 1257 529 quae

201 549 337 631 'putaris
368 570 420 612 me
450 547 534 611 scire
565 568 648 632 opus
681 568 762 623 esse,
795 546 988 632 perscribas
1050 546 1093 627 Q.
1117 546 1257 614 fratrem

207 673 319 718 meum
331 653 384 718 fac
395 652 524 739 diligas,
538 674 639 736 quem
648 648 711 739 ego
724 653 822 717 miser
835 653 864 716 si
876 652 1077 717 incolumem
1090 653 1255 740 relinquo,

207 777 276 822 non
287 779 340 824 me
351 764 460 823 totum
472 756 597 842 perisse
610 755 803 820 arbitrabor.
837 755 926 820 Data
938 755 1044 820 Nonis
1057 753 1254 822 Sextilibus.

673 1154 774 1220 XIX.

587 1323 644 1389 (An
659 1330 728 1376 Aer.
746 1341 787 1375 111.
798 1322 848 1387 19.)

539 1492 669 1540 CICERO
693 1491 823 1539 ATTICO
847 1490 924 1539 SAL.

169 1654 185 1716 1
219 1731 221 1734 Ι
252 1649 373 1729 Quoad
389 1648 553 1715 eiusmodi
569 1650 650 1712 mihi
666 1650 798 1715 litterae
815 1673 835 1713 a
855 1649 949 1741 vobis
972 1647 1200 1716 afferebantur
1215 1658 1255 1717 ut

206 1754 335 1840 aliquid
361 1777 403 1819 ex
434 1755 474 1818 iis
505 1761 593 1819 esset
624 1753 898 1840 exspectandum,
924 1776 982 1840 spe
1010 1760 1044 1818 et
1067 1753 1272 1840 cupiditate

206 1860 462 1925 Thessalonicae
493 1866 644 1924 retentus
667 1881 760 1935 sum3
792 1867 1010 1945 posteaquam
1033 1859 1140 1949 omnis
1165 1861 1253 1925 actio

205 1964 305 2028 huius
322 1965 401 2026 anni
417 1962 569 2028 confecta
585 1963 679 2028 nobis
696 1963 883 2042 videbatur,
897 1965 932 2028 in
949 1965 1066 2029 Asiam
1082 1965 1130 2028 ire
1146 1964 1253 2042 nolui,

166 2083 181 2128 u
204 2067 296 2152 quod
318 2075 353 2133 et
377 2067 550 2132 celebritas
574 2066 655 2130 mihi
679 2067 755 2132 odio
780 2076 831 2133 est
854 2077 896 2146 et,
914 2069 942 2133 si
959 2069 1054 2134 fieret
1078 2067 1210 2153 aliquid
1233 2091 1253 2134 a

205 2173 301 2237 novis
326 2172 586 2259 magistratibus
610 2172 723 2236 abesse
748 2173 848 2259 longe
878 2172 1052 2238 nolebam:
1078 2174 1193 2259 itaque
1216 2175 1253 2238 in

207 2277 348 2361 Epirum
364 2276 407 2340 ad
427 2283 459 2340 te
487 2277 591 2340 statui
616 2298 667 2341 mc
692 2275 854 2354 conferre,
873 2299 940 2343 non
965 2300 1032 2363 quo
1057 2265 1131 2344 mea
1154 2279 1254 2345 inter-

206 2388 295 2446 esset
309 2381 375 2444 loci
390 2389 520 2457 natura,
538 2381 598 2464 qui
613 2381 723 2446 lucem
739 2384 874 2447 omnino
895 2383 1059 2470 fugerem,
1077 2384 1189 2451 sedet
1210 2384 1254 2449 ad

206 2486 348 2549 salutem
371 2485 589 2549 libentissime
612 2507 655 2550 ex
678 2494 736 2550 tuo
759 2495 859 2572 portu
882 2488 1071 2573 proficiscar
1093 2496 1138 2565 et,
1162 2490 1191 2554 si
1214 2511 1253 2556 ea

153 2608 182 2655 ιο
204 2590 351 2675 praecisa
367 2589 438 2665 erit,
457 2610 623 2673 nusquam
648 2588 781 2655 facilius
805 2591 890 2656 hanc
915 2593 1132 2657 miserrimam
1148 2592 1253 2658 vitam

206 2678 261 2759 vel
283 2692 480 2763 sustentabo
503 2695 567 2770 vel,
594 2693 686 2778 quod
711 2695 817 2759 multo
845 2703 897 2760 est
924 2696 1054 2772 melius,
1081 2695 1252 2772 abiecero;

236 2882 281 2932 28.
298 2895 403 2943 quem:
428 2884 558 2934 translate
577 2882 718 2946 carefully!
740 2880 774 2933 B.
798 2883 847 2934 287
869 2885 894 2933 4.
927 2885 1011 2936 What
1032 2886 1055 2935 is
1077 2886 1125 2936 the
1147 2885 1254 2950 regular

203 2959 405 3009 ineolumem:
433 2961 468 3010 cf.
496 2961 544 3023 Ep.
567 2960 646 3011 XVI.
672 2960 719 3010 10.
742 2961 840 3011 tense?
866 2961 968 3011 fleret:
985 2963 1032 3011 the
1044 2962 1219 3024 subjunctive
1230 2963 1253 3013 le

205 3038 260 3086 120.
740 3037 1061 3100 duetothedependence
1069 3052 1143 3101 upon
1151 3039 1252 3089 aberae.

739 3125 803 3162 non
834 3126 896 3174 quo
914 3149 919 3162 .
937 3149 943 3161 .
960 3149 966 3162 .
983 3113 1048 3172 sed,
1075 3128 1092 3164 a
1126 3129 1252 3166 common

422 3176 501 3226 ΧῙΧ·
739 3190 874 3239 variatlon
886 3190 928 3240 tor
939 3192 985 3240 the
997 3205 1071 3241 more
1083 3197 1186 3242 correct
1197 3206 1252 3242 noa

236 3264 474 3314 Iurnouuoronr
487 3265 582 3315 Noru:
599 3265 716 3316 Written
739 3279 792 3327 quo
810 3302 817 3315 .
836 3303 842 3317 .
863 3303 869 3317 .
888 3268 936 3317 sed
953 3269 1045 3331 qaod‚·
1065 3268 1110 3318 for
1125 3269 1206 3319 mood
1223 3268 1252 3318 ot

203 3341 275 3391 from
298 3340 491 3390 Thessalonica
513 3346 542 3391 to
561 3340 670 3392 Atticus
688 3344 715 3392 ln
738 3342 904 3393 interesset
922 3345 957 3394 cf.
982 3346 1031 3408 Ep.
1052 3345 1089 3395 11.
1113 3344 1139 3393 1.
1157 3347 1186 3408 23
1210 3345 1253 3395 for

204 3418 289 3469 Rome
306 3432 342 3467 on
359 3418 406 3467 the
425 3418 487 3468 loth
504 3419 534 3467 of
550 3418 713 3481 September.
740 3419 773 3468 its
790 3421 918 3483 meaning
936 3421 989 3470 and
1007 3423 1051 3471 for
1069 3435 1130 3472 case
1145 3422 1175 3472 of
1191 3435 1251 3473 meo

204 3495 248 3545 He
264 3496 315 3544 has
331 3494 480 3545 concluded
498 3495 569 3545 after
585 3495 621 3544 all
637 3501 666 3545 to
682 3510 716 3558 go
738 3495 904 3546 cf.1v.9.1.
934 3497 1030 3548 Notice
1042 3498 1251 3550 thattntereaaet

204 3570 430 3633 backtcltpirus.
739 3571 761 3622 is
773 3572 896 3634 personal
909 3573 982 3636 here,
996 3574 1050 3623 and
1062 3574 1127 3624 here
1138 3575 1211 3639 only.

235 3647 248 3706 i
276 3649 299 3699 1.
325 3647 386 3696 3-7.
409 3651 615 3710 posteaquam
642 3683 648 3697 .
675 3684 681 3697 .
709 3684 715 3698 .
769 3647 851 3697 8-11.
873 3648 1009 3707 lucem,
1039 3649 1102 3701 ‘the
1128 3651 1252 3714 public

203 3725 385 3777 vldebatur:
402 3724 445 3773 for
455 3730 532 3774 tense
549 3739 593 3774 see
609 3725 643 3774 A.
657 3724 713 3786 324,
737 3725 821 3788 gaze,’
834 3739 987 3776 acommon
998 3727 1149 3790 metaphor.
1184 3739 1251 3776 eus·

204 3813 241 3865 o‚·
261 3798 294 3851 G.
314 3797 371 3863 563,
389 3799 449 3866 5643
471 3798 507 3851 Η.
524 3800 581 3864 618,
600 3781 671 3852 N'ote
689 3801 716 3867 ¹3
737 3803 892 3854 tentabo.
909 3838 938 3853 ..
955 3804 1116 3855 abiecero:
1138 3804 1184 3859 for
1203 3804 1251 3859 the
