2678 4260
189 213 252 280 416
545 224 750 277 nersrounn
773 224 969 276 surmc'mn.
1028 291 1031 298 Ι

241 400 338 464 istam
368 398 541 473 infirmam,
565 398 594 461 si
628 419 679 462 me
710 418 809 474 amas,
827 397 895 461 noli
924 419 1066 475 vexare3
1102 420 1179 463 nam
1204 400 1288 464 mihi

241 511 318 568 ante
342 503 455 568 oculos
479 502 550 567 dies
575 510 758 586 noctesque
776 503 935 568 versaris:
960 524 1075 568 omnes
1098 503 1227 570 labores
1253 513 1285 571 te

240 608 393 692 excipere
418 606 535 682 video;
560 608 673 683 timeo,
694 615 734 671 ut
755 607 933 671 sustineas.
980 604 1046 671 Sed
1070 607 1169 672 video
1192 610 1228 672 in
1252 617 1285 676 te

188 728 217 772 35
239 733 310 777 esse
326 713 452 787 omnia3
470 733 583 796 quare,
599 719 639 776 ut
654 710 699 789 id,
716 711 807 796 quod
823 733 936 796 speras
953 718 989 776 et
1004 711 1096 796 quod
1110 713 1192 799 agis,
1210 736 1286 778 oon-

198 818 431 900 4sequamur,
463 817 552 880 servi
578 815 775 881 valetudini.
833 815 918 900 Ego,
946 815 988 879 ad
1019 837 1103 901 quos
1132 817 1284 896 scribam,

240 921 361 996 nesci0‚
378 921 443 984 nisi
459 918 501 983 ad
517 941 582 996 eos,
594 920 653 1004 qui
668 919 711 983 ad
727 941 778 984 me
794 920 956 996 scribunt,
970 927 1030 984 aut
1045 920 1087 985 de
1103 921 1226 1006 quibus
1242 923 1286 988 ad

241 1046 292 1088 me
317 1045 375 1089 vos
392 1023 518 1108 aliquid
543 1023 697 1088 scribitis.
744 1024 905 1111 Longius,
929 1026 1087 1108 quoniam
1118 1025 1167 1091 ita
1189 1025 1284 1092 vobis

239 1129 359 1214 placet,
392 1150 460 1191 non
499 1127 686 1204 discedam3
721 1127 781 1193 sed
817 1129 919 1193 velim
954 1150 1056 1213 quam
1092 1131 1283 1216 saepissime

187 1247 216 1293 40
238 1234 367 1297 litteras
395 1232 548 1308 mittatis,
581 1233 775 1316 praesertim
793 1233 822 1297 si
849 1231 1010 1318 quidest
1037 1232 1176 1311 firmius,
1193 1235 1284 1320 quod

239 1357 421 1421 speremus.
468 1336 598 1413 Valete,
624 1358 695 1401 mea
719 1335 893 1414 desideria,
911 1336 1031 1401 valete.
1052 1337 1094 1401 D.
1118 1359 1147 1402 a.
1172 1337 1204 1403 d.
1229 1356 1282 1403 111.

240 1439 327 1505 Non.
352 1440 428 1505 Oet.
454 1440 699 1504 Thessalonica.

704 1903 803 1967 XXI.

621 2079 680 2136 (An
695 2078 765 2125 Fun.
782 2090 835 2126 xiv.
852 2080 885 2134 1.)

304 2243 459 2292 TULLIUS
489 2242 701 2290 TERENTIAE
731 2241 836 2301 SUAE,
860 2241 1067 2289 TULLIOLAE
1097 2240 1204 2303 SUAE,

445 2347 618 2396 CICERONI
641 2348 709 2395 SUO
733 2346 904 2394 SALUTEM
929 2346 1037 2394 DIOIT.

196 2504 212 2566 1
279 2507 326 2570 Et
368 2507 491 2571 litteris
541 2506 723 2571 multorum
761 2512 796 2570 et
832 2526 982 2569 sermone
1022 2505 1174 2569 omnium
1210 2526 1279 2591 per-

236 2609 345 2676 fertur
375 2610 492 2674 adme
524 2610 752 2675 incredibilem
784 2616 877 2673 tuam
900 2610 1061 2674 virtutem
1091 2616 1126 2674 et
1148 2609 1280 2675 fortitu·

239 2715 352 2780 dinem
375 2737 445 2781 esse
469 2726 570 2800 teque
593 2736 654 2780 neo
678 2715 780 2778 animi
803 2735 912 2798 neque
936 2715 1081 2798 eorporis
1111 2713 1278 2779 laboribus

265 2920 545 2971 32-35.1nfirmam:
563 2920 615 2969 and
628 2926 672 2983 yet
684 2921 747 2970 Ter·
769 2919 844 2982 plain
861 2921 908 2968 the
925 2920 1133 2983 abbreviatione,
1149 2920 1203 2970 and
1220 2921 1278 2986 give

234 2997 308 3046 entia
321 2997 343 3046 is
355 2995 413 3045 said
431 3001 459 3044 to
477 2997 546 3045 bave
564 2996 635 3044 lived
654 3001 683 3046 to
699 2996 746 3045 the
769 2998 815 3046 the
826 2996 888 3046 date
901 2998 928 3045 in
941 2997 988 3046 the
1000 2997 1076 3046 short
1086 2997 1166 3048 ionn.

234 3074 324 3136 ageos
342 3073 395 3122 103.
430 3073 534 3129 timeo,
553 3074 601 3120 ut:
619 3072 747 3134 meaning

234 3150 264 3199 oi
285 3152 316 3199 ut
337 3149 409 3198 aiter
431 3162 447 3198 a
470 3149 542 3198 word
564 3149 594 3198 oi
619 3149 746 3211 tearing?
983 3137 1062 3186 XXI·

233 3225 266 3273 in
283 3228 316 3274 te
336 3237 406 3274 esse
420 3225 537 3275 omnia:
555 3225 598 3274 for
619 3226 747 3288 meaning
801 3226 1037 3276 Inrnonuoronr
1069 3225 1168 3276 Norn:
1201 3225 1278 3277 Com·

234 3302 269 3351 ci.
283 3302 332 3364 Ep.
348 3302 400 3350 III.
415 3300 440 3348 2.
452 3301 491 3350 20.
768 3303 879 3351 menced
898 3309 927 3351 at
946 3302 1138 3353 Thessalonica
1157 3302 1212 3352 and
1232 3303 1279 3353 fin·

267 3378 315 3439 §4-
335 3376 436 3426 ³641.
454 3376 526 3438 Ego,
538 3382 588 3427 etc.
619 3378 746 3427 Terentia
768 3378 842 3428 ished
856 3384 884 3427 at
893 3379 1081 3442 Dyrrachium,
1092 3383 1122 3430 to
1131 3379 1174 3429 his
1183 3379 1278 3442 family

234 3468 320 3503 seems
331 3459 361 3504 to
371 3454 442 3503 have
454 3454 536 3516 urged
549 3453 643 3503 Cicero
654 3459 683 3504 to
699 3469 746 3504 use
767 3460 796 3503 at
808 3455 900 3504 Rome.

233 3529 276 3578 his
294 3528 438 3590 eloquence
458 3529 487 3578 in
506 3529 550 3578 his
569 3544 630 3580 own
653 3530 745 3579 behali
799 3532 1008 3581 Sunurnrron:
1031 3532 1065 3581 cf.
1087 3532 1153 3582 with
1174 3533 1235 3582 that
1251 3532 1279 3582 oi

233 3606 268 3668 by
287 3606 395 3668 writing
414 3610 443 3654 to
463 3619 525 3654 men
548 3606 578 3656 oi
601 3605 741 3656 influenee.
766 3607 816 3669 Ep.
839 3608 914 3668 XX,
934 3609 988 3656 and
1009 3609 1098 3658 notice
1117 3610 1164 3658 the
1184 3609 1279 3659 tender

233 3681 375 3743 Longius,
395 3682 465 3731 from
487 3683 580 3742 Rome,
603 3684 657 3744 i.e.,
676 3684 742 3732 than
767 3684 909 3745 repetition
943 3684 973 3733 oi
1009 3698 1084 3746 suae,
1115 3685 1221 3735 instead
1251 3684 1279 3736 ol

234 3757 433 3812 Tiressaloniea.
467 3758 502 3803 D.
521 3771 546 3808 a.
564 3759 592 3807 d.
611 3765 677 3810 ete:
699 3772 744 3808 ex·
766 3763 832 3811 suis.
