2678 4260
177 237 242 303 592
442 254 513 303 ruo
538 255 568 304 r.
593 253 711 303 numo
736 254 882 302 urnoun
906 253 1054 303 onnrro.

177 435 206 480 35
228 424 331 488 Multi
362 425 463 489 etiam
496 424 677 489 Catilinam
709 433 809 507 atque
842 425 900 487 illa
923 431 1079 507 portenta
1102 425 1282 508 loqueban-

229 535 309 592 tur:
355 527 553 613 ‘Erumpet
593 528 770 613 occupabit
808 529 955 611 aliquem
998 529 1122 604 locum,
1155 528 1280 592 bellum

228 634 355 717 patriae
385 631 507 696 faciet?
570 632 711 696 Miseros
744 633 913 696 interdum
946 633 1035 696 cives
1076 633 1202 716 optime
1240 633 1279 697 de

229 759 263 816 re
294 737 429 821 publica
453 738 598 812 meritos
624 739 657 799 in
689 736 812 820 quibus
838 737 988 800 homines
1014 758 1081 800 non
1105 736 1279 802 moderes

229 841 507 924 praeclarissimas
532 840 788 913 obliviscuntur,
807 839 866 903 sed
890 841 989 903 etiam
1007 838 1152 903 nefarias
1177 843 1280 925 suspi-

176 960 206 1004 40
228 944 365 1007 cantur!
412 944 503 1030 Ergo
528 945 585 1007 illa
614 943 698 1008 falsa
721 944 872 1019 fuerunt,
898 965 982 1027 quae
1007 951 1096 1007 certe
1124 966 1205 1008 vera
1227 968 1279 1009 ex-

229 1049 387 1122 titissent,
415 1050 443 1111 si
476 1048 561 1111 Milo
583 1047 774 1112 admisisset
796 1047 936 1131 aliquid,
963 1047 1053 1131 quod
1077 1067 1145 1110 non
1169 1058 1281 1132 posset

229 1152 367 1216 honeste
386 1174 531 1235 vereque
549 1152 739 1216 defendere.

176 1259 216 1320 64
269 1274 373 1320 xxiv.
406 1255 522 1335 Quid?
539 1277 624 1340 quae
640 1264 756 1340 postea
768 1264 851 1319 sunt
866 1257 901 1318 in
918 1277 996 1319 eum
1011 1237 1183 1341 congesta,
1195 1274 1277 1338 quae

229 1361 381 1444 quemvis
425 1361 526 1423 etiam
564 1360 781 1423 mediocrium
828 1359 1027 1423 delictorum
1074 1358 1278 1423 conscientia

228 1465 460 1548 perculissent,
485 1473 525 1528 ut
554 1466 726 1539 sustinuit,
752 1464 785 1527 di
817 1462 1039 1527 immortales!
1087 1459 1276 1527 Sustinuit!

229 1569 329 1630 inuno
354 1589 432 1631 vero
457 1575 497 1630 ut
519 1569 721 1652 contempsit
745 1589 782 1650 ao
810 1590 870 1652 pro
894 1568 1000 1630 nihilo
1023 1568 1169 1651 putavit,
1194 1586 1277 1650 quae

190 1689 204 1732 5
228 1693 336 1755 neque
358 1673 502 1734 maximo
525 1673 636 1735 animo
660 1694 783 1736 nocens
808 1694 917 1756 neque
941 1673 1100 1734 innocens
1129 1672 1193 1734 nisi
1218 1670 1279 1732 for-

230 1777 378 1840 tissimus
410 1777 461 1839 vir
492 1777 669 1863 neglegere
701 1775 883 1860 potuisset!
933 1775 1123 1850 Scutorum,
1155 1774 1279 1860 gladio

230 1901 313 1953 rum,
331 1880 502 1943 frenorum
525 1881 737 1964 pilorumque
754 1882 854 1944 etiarn
872 1877 1056 1942 multitudo
1074 1877 1278 1962 deprehendi

229 2005 325 2068 posse
357 1983 592 2058 indicabatur3
631 1985 765 2047 nullum
804 1986 838 2047 in
877 1984 957 2048 urbe
991 1983 1113 2057 vicum,
1146 1983 1278 2046 nullum

229 2089 443 2173 angiportum
475 2110 545 2152 esse
585 2089 752 2165 dicebant,
785 2090 819 2152 in
852 2112 920 2173 quo
953 2111 1020 2152 non
1053 2089 1175 2152 Miloni
1207 2110 1278 2152 con·

177 2208 205 2252 10
227 2192 330 2255 ducta
353 2200 442 2256 esset
473 2192 613 2266 donrus3
645 2214 736 2255 arma
766 2194 801 2255 in
825 2194 940 2256 villam
965 2192 1203 2257 Ocriculanam
1228 2191 1280 2256 de·

230 2304 326 2359 vecta
351 2296 473 2370 Tiberi,
490 2297 608 2359 domus
633 2298 667 2358 in
692 2298 779 2360 clivo
804 2296 994 2380 Capitolino
1018 2297 1123 2360 scutis
1147 2296 1277 2370 referta,

229 2399 327 2482 plena
358 2401 468 2462 onmia
492 2400 723 2463 malleolorum
754 2400 796 2464 ad
820 2401 911 2465 urbis
935 2399 1090 2464 incendia
1114 2421 1278 2484 compara·

228 2514 349 2578 torum,
374 2503 455 2566 haec
480 2526 547 2566 non
571 2503 682 2567 delata
707 2505 824 2578 solum,
842 2505 901 2569 sed
927 2526 1031 2588 paene
1056 2504 1194 2579 credita,
1219 2525 1276 2568 nec

176 2610 304 2672 65ante
328 2606 505 2690 repudiata
529 2617 609 2671 sunt
637 2630 736 2691 quam
766 2611 926 2692 quaesita.
974 2607 1165 2671 Laudabam
1189 2609 1277 2692 equi-

176 2726 204 2770 15
227 2709 304 2774 dem
327 2711 555 2775 incredibilem
580 2710 789 2797 diligentiam
814 2712 876 2776 Cn.
902 2712 1050 2796 Pompei,
1076 2711 1133 2775 sed
1159 2711 1276 2785 dicam,

229 2822 269 2876 ut
284 2816 403 2889 sentio,
421 2814 559 2878 iudices.
606 2815 714 2879 Nimis
731 2817 838 2879 multa
854 2816 969 2880 audire
986 2822 1156 2901 coguntur
1168 2837 1276 2900 neque

228 2918 327 2981 aliter
350 2917 464 3009 facere
484 2928 627 3001 possunt
649 2920 682 2995 ii,
708 2920 832 3004 quibus
857 2928 929 2984 tota
951 2920 1127 2983 commissa
1151 2928 1205 2984 est
1228 2941 1276 2983 res

229 3021 373 3104 publica.
435 3021 528 3099 Quin
559 3024 659 3087 etiam
692 3023 760 3087 fuit
789 3024 978 3088 audiendus
1008 3044 1095 3108 popa
1126 3022 1276 3087 Licinius

258 3180 359 3228 35-38.
384 3184 537 3242 portenta,
568 3185 736 3243 ‘menatem'
763 3184 830 3233 120.
847 3186 885 3245 15,
897 3185 950 3233 and
963 3186 1052 3234 notice
1065 3185 1112 3232 the
1130 3184 1274 3233 clriasmus.

227 3255 370 3306 Catilina’s
398 3260 551 3308 associatos.
603 3260 738 3308 Miseros
762 3261 932 3314 multitudo
955 3273 1049 3322 posse
1069 3259 1275 3315 indicabatur,

226 3332 327 3381 cives:
339 3334 449 3383 forcase
458 3335 492 3384 cf.
507 3336 575 3385 Sest.
589 3337 634 3384 2⁷.
648 3339 674 3397 13
686 3338 735 3398 Ep.
765 3338 801 3385 ‘it
812 3352 867 3386 was
878 3337 974 3386 hinted
985 3338 1046 3385 that
1057 3350 1074 3384 a
1083 3342 1143 3385 vast
1152 3337 1274 3393 number,

226 3409 305 3458 XXI.
319 3410 344 3457 1.
356 3412 380 3459 4.
415 3411 454 3468 in,
466 3426 496 3461 as
505 3413 611 3473 insta.
622 3414 645 3461 8.
763 3414 824 3462 eto'
859 3414 912 3462 For
923 3415 970 3462 the
982 3419 1065 3462 trans.
1079 3427 1123 3462 see
1141 3427 1177 3462 on
1196 3413 1218 3462 I.
1231 3413 1275 3461 1⁵.

251 3488 260 3499 ’
762 3492 801 3540 33.
837 3503 936 3540 arma:
964 3491 1048 3540 case?
1087 3489 1208 3538 Tiberi:
1236 3490 1277 3538 for

258 3563 323 3622 564.
343 3563 423 3612 3-11.
442 3568 483 3621 ut,
506 3580 536 3614 as
559 3567 586 3614 in
605 3567 672 3615 Sest.
693 3566 738 3615 26.
763 3569 809 3616 the
821 3581 882 3616 case
894 3568 929 3617 cf.
944 3567 1045 3628 Arare,
1061 3565 1137 3615 Caes.
1158 3565 1180 3614 Ι.
1195 3564 1240 3613 16.
1251 3566 1273 3613 3.

224 3638 264 3687 25.
315 3639 410 3688 immo
438 3653 530 3690 vero:
564 3643 626 3691 how
648 3644 739 3692 used?
794 3645 859 3702 §6³2
883 3644 929 3692 18.
959 3643 1040 3702 Quin
1068 3642 1171 3699 etiam,
1200 3641 1276 3702 ‘why

224 3715 361 3764 maximo
385 3717 496 3773 animo,
526 3719 656 3780 precisely
680 3734 739 3781 par·
762 3720 849 3770 even'
884 3733 974 3782 popa,
992 3734 1027 3769 an
1048 3719 1161 3768 inferior
1183 3719 1273 3781 priest,

224 3790 286 3846 allel
309 3792 582 3858 subjectissimum
608 3795 643 3855 cr.
668 3796 736 3853 Sest.
762 3797 857 3860 hardly
870 3811 943 3857 ruore
960 3798 1028 3850 than
1044 3810 1061 3850 a
1077 3796 1201 3856 betchor,
1216 3794 1276 3851 who
