2678 4260
559 248 639 305 car.
662 247 700 316 13,
726 245 848 316 gran.
1029 341 1033 349 Ι
1201 230 1265 302 139

161 446 224 490 sua
249 405 375 511 templa
399 433 501 511 atque
533 425 623 489 urbis
653 432 742 489 tecta
773 423 971 488 defendunt.
1019 423 1112 502 Quos
1145 446 1214 500 vos,
1238 438 1266 481 ao

163 531 327 610 Quirites
344 531 482 615 precari,
500 532 661 606 venerari,
678 530 854 613 implorare
876 527 1015 603 debetis,
1040 535 1088 602 ut,
1114 549 1214 612 quam

163 635 281 700 urbem
298 634 557 721 pulcherrimam
574 634 911 718 florentissimamque
928 654 999 697 esse
1022 632 1213 708 voluerunt,

162 740 250 804 hano
273 739 427 804 omnibus
452 739 601 804 hostium
624 739 728 824 copiis
752 746 841 802 terra
871 738 1021 822 marique
1049 739 1214 821 superatis

162 867 182 908 a
199 845 501 930 perditissimorum
518 844 643 909 civium
662 841 790 907 nefario
806 843 928 906 scelere
945 840 1140 905 defendant.

196 1067 241 1125 23,
253 1069 298 1117 24.
317 1069 375 1118 The
387 1068 523 1131 emphatic
535 1067 623 1117 words
635 1080 680 1115 are
702 1078 751 1114 me
768 1067 792 1125 4,
812 1063 893 1113 duce
910 1066 934 1122 5,
952 1063 1048 1113 modo
1065 1066 1089 1124 6,
1102 1063 1179 1113 urbe
1191 1065 1214 1126 i,

162 1144 302 1193 hostium
336 1145 390 1193 and
423 1143 547 1192 civium.
597 1145 681 1191 terra
702 1141 832 1190 lenitate
843 1142 867 1201 9,
881 1152 983 1201 poena
1000 1143 1038 1201 12,
1051 1139 1217 1201 prudentia

159 1221 305 1282 marique,
318 1221 367 1270 loo.
383 1221 527 1270 ablativos:
545 1220 593 1270 the
604 1233 681 1282 regu·
704 1219 742 1279 14,
755 1217 846 1266 hoste
865 1219 903 1278 18,
922 1217 1040 1265 auxilio
1059 1218 1096 1276 19,
1115 1217 1215 1278 copiis

159 1295 203 1348 lar
218 1297 399 1360 prepositions
424 1312 486 1361 may
508 1297 542 1347 be
564 1296 678 1347 omitted
703 1297 741 1345 23.
778 1295 862 1344 Write
880 1301 928 1343 out
948 1308 983 1342 arr
1001 1293 1106 1342 outline
1123 1295 1151 1343 of
1169 1295 1215 1342 the

164 1375 230 1423 with
248 1375 325 1424 these
342 1375 430 1424 words
449 1375 515 1437 only
533 1375 613 1425 when
632 1375 679 1423 the
702 1373 808 1435 speech,
821 1372 944 1432 showing
961 1371 1007 1418 the
1023 1369 1124 1418 several
1142 1377 1215 1432 parts

163 1457 217 1500 two
229 1451 316 1500 words
333 1465 378 1500 are
394 1451 480 1501 found
498 1452 630 1515 together,
649 1465 678 1500 as
702 1450 761 1498 into
770 1449 857 1497 which
868 1449 888 1496 it
899 1449 920 1496 is
930 1446 1046 1506 divided‚
1058 1447 1111 1494 and
1124 1447 1216 1509 giving

162 1528 235 1576 here.
702 1539 866 1586 asummary
879 1524 908 1573 oi
924 1524 972 1572 the
989 1528 1145 1585 arguments
1161 1536 1216 1572 em·

194 1602 313 1666 Explain
330 1604 377 1654 the
396 1603 528 1655 ablatives
545 1608 634 1654 motu
652 1607 676 1667 2,
702 1602 799 1667 pioyed
811 1602 839 1651 in
852 1602 926 1650 each.

525 1854 898 1865 ——.—--—--

588 2056 782 2108 EXCURSUS
806 2056 827 2106 1.

439 2215 499 2252 THE
517 2214 633 2252 arram
650 2215 688 2252 01⁴*
705 2215 765 2251 ΤΗΕ
783 2213 988 2252 ALLOBROGES.

402 2344 508 2398 [Sallust
519 2345 575 2396 Cap.
586 2346 618 2386 39.
628 2347 689 2394 6-415
703 2347 729 2385 44
742 2347 774 2386 47.
802 2345 861 2385 Text
872 2347 897 2385 oi
911 2343 1036 2398 sennan]

191 2488 238 2538 39.
284 2520 674 2536 ..........
699 2485 761 2534 duci
782 2500 867 2547 posse.
904 2486 1067 2548 Umbrenus,
1089 2487 1161 2550 quod
1185 2485 1243 2536 int

132 2561 148 2610 6
163 2597 385 2613 ......
419 2562 528 2611 Eisdem
551 2563 675 2625 tempori·
699 2561 789 2611 Gallia
809 2562 962 2626 negotiatus
990 2569 1056 2624 erat,
1080 2564 1212 2628 plerisque

162 2638 213 2688 bus
230 2639 330 2689 Rornae
347 2639 490 2700 Lentulus,
508 2641 587 2690 sicuti
605 2639 678 2689 Cati·
699 2640 865 2702 principibus
888 2640 1039 2689 civitatium
1058 2647 1137 2691 notus
1154 2648 1211 2690 erat

162 2715 219 2763 lina
269 2721 449 2778 praeceperat,
494 2730 677 2780 quoscumque
699 2723 781 2780 atque
803 2732 848 2767 eos
871 2725 990 2768 noverat.
1035 2718 1131 2781 Itaque
1153 2720 1212 2767 sine

163 2792 282 2842 moribus
301 2797 348 2842 aut
369 2793 481 2842 fortuna
500 2794 577 2843 novis
598 2795 676 2844 rebus
700 2795 841 2854 moranti
855 2795 971 2857 primum
989 2796 1090 2858 legatos
1107 2797 1136 2844 in
1153 2796 1213 2844 foro

162 2868 274 2918 idoneos
294 2869 427 2930 credebat,
446 2875 495 2918 aut
512 2884 560 2932 per
578 2884 607 2920 se
629 2878 676 2920 aut
699 2866 849 2932 conspexit,
875 2861 1048 2933 percontatus
1071 2886 1157 2935 panca
1179 2872 1213 2920 de

161 2959 210 3006 per
221 2944 288 2994 alios
299 2944 471 3006 sollicitabat,
485 2960 572 3008 neque
589 2947 676 2996 solum
699 2951 772 2995 statu
784 2947 901 2997 civitatis
913 2955 939 2996 et
951 2950 1028 3011 qnasi
1045 2949 1138 2999 dolens
1156 2949 1212 2997 eius

161 3021 238 3081 civis,
263 3022 308 3070 scd
333 3022 463 3084 cuiusque
491 3023 565 3074 modi
593 3038 677 3087 genus
699 3036 791 3071 casum
808 3024 942 3085 requirere
959 3025 1056 3086 coepit,
1071 3039 1150 3087 quem
1167 3039 1213 3073 ex-

161 3097 315 3154 hominurn.
340 3098 493 3159 quodmodo
518 3101 588 3151 bello
616 3103 677 3151 usui
700 3099 767 3147 itum
780 3100 863 3148 tantis
872 3099 1106 3162 malissperarent.
1137 3101 1242 3150 Post-3

161 3173 241 3222 foret.
700 3188 781 3237 quam
795 3175 853 3225 illos
866 3176 939 3224 videt
956 3177 1030 3237 queri
1048 3176 1081 3225 de
1098 3177 1212 3226 avaritia

194 3248 240 3298 40.
259 3250 347 3312 Igitur
363 3250 393 3300 P.
413 3251 553 3303 Umbreno
570 3255 676 3303 cuidam
700 3252 914 3313 magistratuum,
939 3267 1064 3302 accusare
1089 3260 1212 3302 senatum

161 3326 303 3388 negotium
318 3326 373 3388 dat,
388 3328 428 3377 uti
442 3328 543 3392 legatos
555 3330 679 3380 Aliobro·
700 3328 770 3389 quod
783 3330 810 3376 in
824 3343 855 3378 eo
866 3329 950 3378 auxili
964 3330 1031 3379 nihil
1044 3336 1122 3392 esset,
1134 3332 1212 3380 mise-

161 3416 227 3465 gum
249 3403 376 3465 requirat,
401 3418 509 3467 eosque,
534 3406 556 3455 si
584 3409 678 3468 possit,
701 3409 745 3458 riis
774 3410 829 3459 suis
858 3411 1004 3460 remedium
1028 3418 1144 3461 mortem
1166 3415 1223 3462 ex-'

162 3479 286 3541 impellat
306 3481 340 3529 ad
362 3481 520 3532 societatem
542 3483 613 3546 beili,
634 3499 678 3534 ex·
700 3491 829 3547 spectare,
842 3486 859 3510 “
869 3493 898 3536 at
910 3502 959 3550 ego
969 3488 986 3511 ”
998 3489 1087 3551 inquit
1097 3484 1116 3514 “
1126 3490 1210 3550 vobis,

163 3553 297 3601 istumans
306 3552 413 3614 publice
426 3556 606 3618 privatimque
618 3571 678 3606 aere
699 3562 722 3610 si
743 3563 823 3612 modo
835 3563 885 3612 viri
902 3578 959 3613 esse
971 3565 1059 3626 voltis,
1079 3567 1212 3616 rationem

161 3628 251 3678 alieno
273 3642 424 3691 oppressos,
446 3637 584 3692 praeterea
606 3634 677 3696 quod
699 3638 848 3700 ostendam,
860 3654 913 3702 qua
921 3646 998 3689 tanta
1008 3643 1058 3691 ista
1066 3642 1137 3692 maia
1145 3645 1212 3694 effu·

162 3711 261 3755 natura
272 3719 340 3770 gens
350 3705 453 3756 Gallica
462 3707 675 3770 bellicosaesser,
699 3714 807 3775 gistis.''
854 3715 928 3764 Haec
956 3717 1001 3765 ubi
1030 3718 1108 3780 dixit,
1138 3720 1241 3769 Alio-4

162 3782 243 3834 facile
265 3797 312 3834 eos
334 3783 369 3833 ad
389 3783 443 3834 tale
464 3784 610 3836 consilium
633 3787 678 3836 ad-
699 3789 793 3853 broges
805 3791 833 3840 in
846 3805 1002 3843 maxumam
1014 3808 1091 3857 spem
1102 3796 1210 3848 adducti
