2678 4260
477 260 557 312 cnr.
581 263 638 324 ne,
660 263 676 325 s
700 263 757 314 aa
1112 252 1175 317 147

73 429 295 497 subeundas?
342 430 466 512 Quare,
497 433 527 497 si
558 441 610 499 est
634 433 714 498 boni
744 435 892 500 consulis
924 457 991 500 non
1017 436 1127 502 solum

75 535 202 613 videre,
241 536 326 621 quid
357 543 488 623 agatur,
519 559 637 603 verum
675 540 776 603 etiarn
814 539 1000 625 providere,
1042 542 1127 626 quid

75 640 234 705 futurum
271 640 326 717 sit,
358 640 533 706 ostendam
570 643 637 707 alio
659 644 759 733 loeo,
800 651 966 730 quantum
1006 647 1126 711 salutis

75 744 265 810 eommunis
280 746 415 810 intersit
430 745 515 811 dnos
532 748 687 813 eonsules
703 748 738 812 in
754 770 788 814 re
806 748 940 833 publiea
965 749 1126 816 Kalendis
1138 764 1167 808 3⁵

76 849 244 915 Ianuariis
261 871 343 915 esse.
391 849 493 929 Quod
508 851 538 915 si
563 852 610 915 ita
634 858 696 929 est,
721 874 789 917 non
816 858 884 918 tem
907 875 959 918 me
983 854 1162 922 officinm5

75 953 196 1018 debuit
225 951 268 1018 ad
292 953 437 1019 hominis
452 955 566 1020 -amioi
596 955 751 1020 fortunas
781 979 882 1042 quam
913 979 965 1022 res
992 959 1126 1044 publiea

75 1058 253 1124 consulem
268 1056 311 1123 ad
327 1063 537 1124 communem
561 1060 707 1124 salutem
731 1059 975 1127 defendendam
1000 1085 1128 1129 vocare.

77 1180 131 1226 111.
155 1162 242 1226 Nam
265 1162 357 1248 quod
379 1163 488 1249 legem
511 1163 553 1228 de
577 1164 707 1229 ambitu
730 1165 803 1240 tuli,
817 1174 905 1231 oerte
929 1168 976 1230 ita
995 1168 1070 1244 tuli,
1086 1176 1126 1232 ut

75 1289 159 1344 eam,
176 1288 278 1352 quarn
294 1266 447 1331 mihimet
462 1268 526 1353 ipsi
542 1268 609 1331 iam
626 1267 755 1352 pridem
772 1269 914 1333 tuleram
935 1270 976 1335 de
999 1273 1125 1336 civium

75 1372 236 1458 perieulis
251 1370 481 1448 defendendis,
499 1393 566 1436 non
582 1372 786 1459 abrogarem.
833 1374 978 1450 Etenim,
991 1377 1019 1439 si
1029 1376 1125 1463 largi-

75 1478 204 1541 tionem
226 1475 350 1540 faatam
366 1498 437 1541 esse
462 1477 638 1541 confiterer
662 1477 764 1562 idque
787 1486 876 1543 reete
900 1477 1028 1543 factum
1053 1502 1124 1545 esse
1196 1492 1199 1499 '

75 1579 303 1656 defenderem,
326 1579 471 1646 facerem
495 1580 654 1665 improbe,
679 1583 809 1647 etiamsi
831 1583 918 1646 alius
941 1583 1050 1669 legem
1075 1593 1161 1648 tue

75 1686 191 1760 lisset3
215 1705 294 1749 oum
316 1706 396 1750 vero
419 1685 505 1748 nihil
533 1687 747 1751 commissum
772 1694 889 1750 eontra
915 1689 1024 1774 legem
1052 1711 1123 1754 esse

75 1788 266 1872 defendam,
282 1787 442 1874 quidest,
460 1788 552 1875 quod
567 1811 674 1856 meam
690 1790 919 1855 defensionem
935 1792 1015 1856 latio
1039 1793 1123 1880 legis

75 1892 265 1978 impediat?
310 1894 361 1957 At
372 1902 557 1979 negatesse
573 1894 722 1959 eiusdem
738 1896 926 1960 severitatis
943 1894 1123 1961 Catilinam
1143 1902 1161 1964 6

75 1998 220 2063 exitium
250 1997 298 2062 rei
328 1996 481 2082 publicae
512 2000 601 2062 intra
631 2000 761 2063 moenia
791 2000 982 2063 molientem
1013 2001 1123 2066 verbis

74 2112 110 2170 et
140 2124 247 2190 paene
277 2103 416 2188 imperio
444 2124 486 2167 ex
517 2102 599 2167 urbe
626 2103 796 2187 expulisse
828 2110 863 2166 et
887 2125 977 2168 nuno
1000 2126 1060 2189 pro
1085 2105 1121 2168 L.
1137 2119 1164 2163 10

75 2208 221 2274 Murena
250 2208 370 2273 dicere.
427 2206 502 2293 Ego
533 2214 645 2271 autem
676 2207 735 2270 has
766 2208 869 2291 partis
900 2208 1050 2273 lenitatis
1088 2220 1123 2275 et

74 2312 331 2402 misericordiae,
348 2333 432 2398 quas
449 2332 500 2375 me
527 2319 646 2375 natura
671 2312 742 2397 ipsa
765 2311 890 2387 docuit,
914 2333 1047 2397 semper
1069 2317 1122 2401 egi

73 2418 228 2494 libenter,
248 2417 342 2481 illam
365 2438 445 2482 vero
467 2417 644 2502 gravitatis
668 2417 924 2501 severitatisque
948 2439 1122 2501 personam

72 2545 142 2587 non
170 2502 329 2608 appetivi,
356 2520 417 2586 sed
440 2520 482 2585 ab
508 2541 542 2584 re
566 2518 699 2604 publiea
727 2521 809 2583 mihi
836 2522 1025 2605 impositam
1052 2544 1122 2588 sus-

72 2627 173 2703 tinui,
200 2627 290 2691 siout
315 2625 416 2690 huius
437 2624 567 2709 imperii
591 2623 738 2710 dignitas
762 2625 796 2687 in
819 2647 950 2689 summo
973 2628 1121 2709 periculo
1136 2644 1162 2688 15

988 2752 1123 2759 Ἥ

104 2809 156 2871 §5-
175 2806 222 2856 36.
238 2819 303 2856 me:
321 2807 467 2869 emphatIo,
487 2806 540 2854 and
558 2806 585 2855 in
608 2804 642 2866 by
672 2818 707 2853 an
736 2805 784 2854 ini.
810 2805 861 2854 and
891 2819 957 2865 acc„
980 2805 1121 2866 defendere

71 2892 168 2949 strong
179 2884 332 2948 opposition
345 2889 374 2934 to
391 2882 527 2934 consulem
544 2882 587 2931 be·
608 2894 701 2930 means
718 2886 747 2930 to
761 2881 822 2943 ‘say
836 2879 876 2943 (in
889 2883 964 2931 one's
976 2883 1118 2945 defense)‚’

70 2962 131 3012 low.
610 2957 774 3007 ‘maintain’

640 3035 690 3096 §h
709 3034 811 3082 11-14.
828 3035 926 3096 partis
943 3036 997 3096 egi,
1009 3035 1039 3085 ‘l
1052 3038 1121 3087 have

102 3114 166 3164 1-3.
183 3113 270 3177 quod
286 3148 293 3162 .
309 3148 315 3162 .
332 3149 339 3162 .
355 3113 421 3170 tull,
438 3111 528 3162 ‘asto
542 3125 586 3174 my
608 3111 704 3174 played
726 3111 773 3160 the
796 3101 884 3173 pirm’
909 3112 938 3160 in
961 3113 1016 3161 this
1044 3128 1120 3163 sense

71 3193 175 3256 having
192 3190 353 3254 proposed3'
373 3190 416 3241 for
428 3190 474 3239 the
486 3189 583 3250 clause,
604 3202 673 3249 tiara
691 3188 713 3238 is
730 3188 829 3250 always
841 3188 936 3250 plural.
975 3188 1042 3238 This
1054 3197 1121 3239 met·

70 3283 115 3320 see
134 3284 171 3320 on
192 3267 244 3330 11.,
261 3267 308 3317 2⁷.
324 3268 363 3317 21.
398 3267 444 3316 ita
464 3270 501 3314 ut
522 3278 584 3315 non
606 3265 692 3327 aplror
703 3265 757 3314 and
768 3265 828 3314 that
840 3266 869 3313 in
878 3279 1022 3326 personam
1040 3280 1120 3327 oppe-

70 3345 260 3408 abrogatem.
279 3343 410 3394 ‘without
427 3342 581 3407 repealing‚’
607 3344 656 3392 tint
678 3356 724 3392 are
751 3343 835 3391 taken
863 3343 933 3391 from
961 3343 1007 3391 the
1035 3348 1117 3406 stage.

69 3437 86 3472 a
97 3436 162 3485 very
178 3433 306 3472 common
323 3434 382 3483 way
398 3420 427 3470 of
443 3420 586 3482 rendering
606 3417 646 3466 ab
657 3431 691 3468 re
703 3419 837 3480 publiea,
851 3418 901 3482 ‘by
913 3420 959 3468 the
971 3419 1063 3481 publio
1080 3421 1120 3469 in-

70 3500 125 3549 thls
137 3497 228 3550 verba}
240 3497 339 3561 phrase
351 3497 380 3546 in
393 3497 482 3546 Latin.
517 3509 586 3545 eam
607 3495 730 3545 terests:'
745 3510 780 3545 on
797 3496 843 3544 the
859 3509 906 3545 use
924 3496 953 3545 of
969 3497 1016 3545 tlre
1033 3510 1117 3558 prep.,

72 3574 188 3639 (levem),
214 3572 382 3638 ‘principle’
407 3588 437 3623 so
459 3573 529 3623 fixed
552 3573 586 3635 by
607 3572 642 3621 ei.
657 3571 705 3633 11,
719 3572 765 3621 25.
778 3574 817 3622 29.

71 3653 146 3702 habit
162 3652 260 3703 thatit
277 3650 327 3700 has
344 3651 453 3700 become
469 3664 486 3698 a
503 3649 582 3698 ‘law'
639 3648 684 3706 15,
702 3647 881 3697 latinius
915 3648 1043 3710 imperii,
1071 3651 1118 3698 the

70 3730 99 3779 of
115 3731 156 3780 his
168 3730 258 3792 being.
607 3724 684 3774 office
706 3726 735 3774 ol
759 3725 869 3775 consol:
893 3725 928 3774 cf.
954 3726 987 3784 L,
1012 3726 1056 3774 12.
1076 3729 1115 3785 26,

100 3805 125 3870 t·
141 3804 360 3871 emendarent:
374 3804 451 3865 when
461 3803 585 3865 followed
607 3803 695 3864 utere
707 3803 728 3862 tt
745 3803 802 3864 also
819 3803 868 3861 has
886 3803 931 3862 the
949 3802 1009 3863 idea
1025 3803 1054 3860 ot
1071 3803 1117 3865 tlte
