2678 4260
428 295 508 348 cnr.
530 295 618 358 aas,
643 295 764 358 §saca
1096 281 1159 349 351

62 470 221 536 miserum
248 478 283 534 et
307 468 476 534 infelicem
498 468 597 531 illum
612 467 711 544 diem,
727 458 796 552 quo
817 469 935 532 consul
957 468 1110 533 omnibus
1132 485 1161 530 21

63 575 222 640 centuriis
251 574 289 637 P.
318 572 414 637 Sulla
440 574 654 638 renuntiatus
682 581 742 649 est,
768 596 787 636 0
819 571 939 636 falsam
961 594 1108 657 spem‚o

63 679 234 744 volucrem
264 677 446 753 fortunam,
478 700 497 741 o
528 699 660 742 caecam
699 677 930 762 cupiditatem,
962 699 982 739 0
1019 699 1109 762 prae·

63 791 229 867 posteram
259 781 541 868 gratulationem!
604 781 715 860 Quam
745 781 812 846 cito
843 780 901 844 illa
932 783 1042 844 onmia
1065 805 1106 846 ex

63 886 191 951 laetitia
207 895 242 951 et
258 887 432 970 voluptate
456 884 499 950 ad
521 887 650 950 luctum
675 894 709 950 et
732 886 883 949 lacrimas
907 884 1108 961 reciderunt,
1132 902 1161 948 25

63 998 113 1066 ut,
138 991 196 1075 qui
219 991 319 1074 paulo
346 996 423 1054 ante
448 991 566 1055 consul
590 989 786 1075 designatus
811 988 940 1065 fuisset,
970 999 1106 1074 repente

64 1095 196 1157 nullum
212 1094 393 1180 vestigium
408 1095 569 1159 retineret
591 1094 751 1178 pristinae
775 1093 968 1180 dignitatis!
1016 1094 1109 1174 Quid

64 1199 153 1264 enim
176 1205 248 1262 erat
270 1199 362 1275 mali,
381 1198 472 1282 quod
495 1198 573 1262 huic
600 1198 743 1282 spoliato
765 1196 863 1273 fama,
888 1198 1021 1273 honore,
1045 1199 1110 1262 for-

63 1303 157 1367 tunis
172 1301 286 1367 deesse
303 1301 498 1368 videretur?
520 1309 581 1366 aut
600 1303 655 1366 cui
678 1323 783 1366 novae
808 1303 991 1366 calamitati
1013 1304 1108 1368 locus

64 1407 155 1472 ullus
177 1407 314 1471 relictus
338 1407 433 1471 esse?
481 1407 589 1493 Urget
612 1406 728 1471 eadem
753 1405 899 1481 fortuna,
923 1427 1009 1491 quae
1040 1430 1111 1472 coe·
1133 1423 1162 1469 3ο

63 1512 125 1597 pit,
152 1511 300 1595 repperit
322 1533 448 1575 novum
475 1527 667 1586 maerorem,
692 1532 759 1574 non
791 1512 917 1595 patitur
940 1511 1109 1577 hominem

64 1616 293 1680 calamitosum
311 1637 378 1679 uno
394 1616 481 1679 malo
497 1613 670 1678 adflictum
686 1637 753 1678 uno
770 1617 804 1677 in
820 1616 916 1678 luctu
932 1617 1049 1700 perire.

108 1718 337 1784 xxx111.Sed
367 1721 433 1783 iam
462 1719 625 1804 impedior
655 1728 796 1804 egomet,
829 1719 965 1795 iudices,
997 1720 1109 1787 dolore
1121 1725 1163 1788 92

63 1825 176 1900 animi,
193 1845 234 1888 ne
251 1822 292 1888 de
309 1824 409 1887 huius
425 1825 557 1888 miseria
574 1825 670 1908 plura
692 1824 809 1887 dicam.
859 1824 999 1888 Vestrae
1023 1835 1104 1891 sunt

63 1931 130 1993 iarn
152 1937 273 2013 partes
292 1928 428 2004 iudices,
446 1929 481 1991 in
506 1935 617 1993 vestra
642 1928 899 1992 mansuetudine
926 1937 1027 2014 atque
1052 1931 1110 1993 hu-

64 2032 225 2096 manitate
243 2053 376 2095 causam
399 2038 504 2096 totam
529 2052 663 2114 repono.
710 2031 780 2094 Vos
807 2032 986 2096 reiectione
1011 2033 1111 2098 inter-

64 2139 173 2223 posita
189 2138 273 2200 nihil
289 2135 537 2220 suspicantibus
554 2135 648 2199 nobis
665 2137 830 2218 repentini
849 2137 883 2198 in
900 2157 960 2200 nos
983 2136 1111 2203 iudices
1148 2151 1162 2195 a

65 2241 262 2307 consedistis
278 2241 320 2305 ab
335 2239 582 2305 accusatoribus
598 2239 719 2304 delecti
737 2239 779 2302 ad
795 2261 887 2323 spem
908 2241 1108 2319 acerbitatis

65 2368 85 2410 a
107 2347 245 2411 fortuna
275 2345 368 2409 nobis
393 2344 435 2408 ad
459 2343 662 2428 praesidium
687 2344 895 2408 innocentiae
920 2347 1106 2410 constituti.

66 2450 117 2516 Ut
146 2473 217 2536 ego,
250 2449 333 2534 quid
363 2448 404 2512 de
435 2469 486 2512 me
518 2448 662 2532 populus
693 2447 863 2511 Romanus
894 2449 1109 2525 existimaret,

66 2557 146 2641 quia
172 2576 308 2619 severus
334 2555 369 2617 in
400 2552 565 2637 improbos
596 2551 734 2626 fueram,
767 2551 915 2617 laboravi
946 2561 990 2629 et
1023 2577 1109 2639 quae

65 2661 171 2744 prima
194 2659 382 2723 innocentis
405 2657 487 2721 mihi
509 2655 659 2720 defensio
681 2663 732 2720 est
755 2655 875 2731 oblata,
901 2660 1042 2742 suscepi,
1064 2662 1111 2724 sic
1136 2677 1164 2722 10

66 2785 125 2827 vos
155 2763 369 2828 severitatem
395 2761 606 2837 iudiciorum,
635 2780 720 2844 quae
751 2781 810 2844 per
838 2760 896 2824 hos
924 2783 1053 2827 menses
1075 2765 1111 2828 in

65 2866 215 2932 homines
246 2866 483 2942 audacissimos
513 2864 603 2930 facta
633 2871 723 2941 sunt,
755 2865 893 2929 lenitate
920 2887 957 2930 ao
989 2869 1113 2933 miseri·

66 2970 178 3036 cordia
204 2973 366 3058 mitigate.
418 2970 492 3035 Hoc
523 2991 600 3034 cum
632 2990 651 3032 a
682 2968 775 3033 vobis
810 2970 986 3054 impetrare
1014 2978 1163 3041 causa93

99 3207 163 3268 591.
183 3207 285 3257 21-30.
303 3207 448 3257 omnibus
472 3210 579 3256 centu·
635 3205 701 3265 592.
722 3205 803 3253 4-10.
827 3205 998 3256 reiectione
1020 3207 1114 3257 inter-

66 3285 127 3342 riis‚
153 3285 377 3347 ‘unanimously,'
407 3283 536 3347 probably
564 3297 581 3332 a
602 3281 713 3344 posita,
728 3280 773 3329 ‘at
785 3282 832 3330 the
845 3283 910 3330 time
923 3283 965 3332 for·
977 3285 1024 3333 the
1041 3285 1114 3334 chal-

68 3361 209 3412 rhetorical
243 3362 442 3424 exaggeration.
489 3363 581 3410 centa-
603 3358 730 3420 lenging‚’
750 3359 866 3406 another·
892 3358 938 3421 (cf.
961 3360 990 3421 ἐξ
1010 3361 1050 3420 78,
1071 3361 1113 3423 79)

66 3439 123 3494 riis,
141 3452 168 3500 p.
187 3438 227 3498 59,
240 3437 295 3498 §30
306 3437 325 3487 f.
355 3437 485 3486 relictus
496 3449 579 3486 ease:
602 3434 733 3496 hardship
745 3435 774 3482 of
790 3435 837 3484 the
854 3442 963 3497 present
980 3436 1054 3486 trial:
1071 3452 1115 3487 see

67 3528 103 3563 sc.
115 3515 266 3574 videbatur,
275 3514 345 3563 from
354 3512 580 3575 videretur,l.29;
603 3525 638 3560 011
663 3511 699 3560 cd
721 3512 827 3561 iadicea
849 3512 879 3559 in
894 3513 971 3563 Title.
1015 3526 1034 3561 a
1053 3513 1113 3562 for·

66 3592 102 3640 cf.
116 3592 130 3652 5
142 3591 180 3643 78.
190 3593 229 3640 22.
256 3591 375 3652 coepit:
388 3605 423 3640 sc.
433 3604 538 3650 arcere,
551 3605 580 3639 as
602 3591 692 3636 tuna:
710 3601 753 3636 soe
765 3602 801 3637 on
814 3588 828 3648 ξ
840 3587 878 3640 71.
893 3591 932 3639 25.
968 3590 1044 3651 quid
1061 3626 1066 3638 .
1084 3626 1089 3638 .
1107 3628 1112 3638 .

69 3669 144 3728 coepi
165 3669 187 3716 is
204 3673 252 3717 not
269 3668 335 3717 used
352 3666 501 3729 absolutely
515 3668 578 3728 (ie,
603 3664 798 3713 existimaret
815 3664 934 3726 dapemls
951 3681 1024 3728 upon
1043 3667 1115 3718 labo·

69 3745 182 3793 without
194 3744 371 3806 adependent
380 3743 430 3793 inf.
439 3744 580 3806 expressed
603 3746 672 3805 ravi,
688 3744 718 3793 ‘1
732 3759 785 3794 ivas
797 3746 931 3794 anxious.5
965 3747 1114 3806 defensio,

68 3833 99 3876 or
109 3819 244 3891 supplied)
258 3821 286 3868 in
298 3818 400 3875 cicero.
603 3821 765 3878 antecedent
790 3822 923 3877 attracted
951 3827 979 3876 to
1004 3823 1115 3876 relativa
