2678 4260
467 253 808 324 elenenses.
891 238 915 296 f
1001 332 1005 347 „
1123 239 1187 312 311

89 429 149 517 qui
164 430 369 518 patefecerit,
385 434 442 517 qui
460 417 670 518 oppresserit,
684 433 738 496 cui
755 439 893 497 senatus
908 432 1135 518 singularibus
1158 445 1186 490 3¹
1224 415 1238 436 ⁸

89 537 199 602 verbis
230 538 353 623 gratias
384 539 500 623 egerit,
532 538 587 601 eui
619 537 678 600 uni
710 545 824 623 togato
856 537 1135 621 supplicationem

89 639 283 716 decreverit,
301 641 411 705 dicere
428 642 463 703 in
479 640 623 703 iudicio:
651 640 748 704 ‘Non
768 640 992 716 defenderem,
1008 641 1037 705 si
1060 662 1136 705 con·

90 744 253 810 iurasset’
300 744 375 809 Non
392 744 466 808 dico
483 743 526 819 id,
543 744 635 828 quod
650 767 751 831 grave
768 752 829 820 est,
847 743 921 808 dico
939 744 1033 820 illud,
1047 744 1140 829 quod

88 847 124 910 in
140 847 192 912 his
208 849 317 911 causis
334 847 574 911 coniurationis
591 869 657 911 non
674 847 866 911 auctoritati
883 845 1064 924 adsumam,
1077 847 1137 913 sed
1158 858 1188 904 35

88 950 209 1034 pudori
226 972 316 1015 meo:
343 950 438 1036 ‘Ego
455 950 511 1015 ille
529 952 770 1015 coniurationis
791 952 1010 1037 investigator
1032 960 1134 1036 atque

89 1055 180 1119 ultor
195 1062 283 1119 certe
301 1077 367 1119 non
391 1054 607 1119 defenderem
630 1053 769 1131 Sullam,
785 1056 814 1119 si
837 1057 1027 1121 coniurasse
1053 1055 1135 1120 arbi·

88 1157 213 1223 trarer.'
260 1159 344 1246 Ego,
362 1159 499 1233 iudices,
517 1159 557 1222 de
574 1160 678 1224 tantis
702 1159 852 1223 omnium
875 1160 1032 1243 periculis
1056 1181 1134 1223 curn

88 1248 282 1348 quaererem
298 1265 421 1340 omnia,
438 1264 546 1328 multa
561 1264 722 1339 audirem,
739 1263 908 1328 crederem
931 1285 997 1327 non
1013 1265 1133 1340 omnia,

88 1389 241 1433 caverem
257 1370 377 1446 omnia,
391 1369 465 1434 dico
481 1369 553 1445 hoo,
568 1367 660 1453 quod
683 1369 779 1432 initio
802 1368 884 1443 dixi,
901 1368 1028 1431 nullius
1052 1366 1136 1431 indi·
1156 1379 1187 1424 4o

88 1472 150 1548 cio,
166 1473 294 1537 nullius
306 1474 437 1549 nuntio,
452 1473 579 1537 nullius
596 1473 797 1556 suspicione,
810 1472 937 1536 nullius
954 1472 1075 1537 litteris
1091 1470 1133 1537 de

89 1575 127 1639 P.
145 1574 240 1640 Sulla
255 1598 324 1640 rem
341 1577 445 1640 ullam
460 1576 503 1640 ad
519 1598 570 1642 me
586 1598 657 1641 esse
674 1575 829 1660 delatam.

131 1698 238 1744 xxxi.
263 1680 374 1760 Quam
389 1681 431 1745 ob
446 1703 514 1745 rem
532 1703 600 1757 vos
615 1681 650 1745 di
667 1681 765 1765 patrii
775 1701 812 1745 ac
825 1688 972 1764 penates,
985 1680 1044 1764 qui
1055 1679 1133 1748 huic
1145 1685 1186 1747 86

89 1784 162 1849 urbi
178 1793 281 1868 atque
296 1784 372 1848 huic
395 1786 442 1849 rei
466 1785 619 1868 publicae
644 1784 849 1869 praesidetis,
866 1786 925 1869 qui
949 1784 1011 1849 hoc
1033 1785 1134 1868 impe

87 1889 186 1965 rium,
202 1890 262 1974 qui
278 1889 362 1953 hane
380 1889 578 1965 libertatern,
596 1890 655 1974 qui
672 1890 834 1973 populum
857 1889 1054 1965 Romanum,
1072 1890 1132 1974 qui

88 1993 169 2058 haec
202 2001 292 2059 tecta
322 2001 424 2078 atque
456 1994 581 2078 templa
608 2015 659 2057 me
691 1993 826 2057 consule
857 2001 970 2058 vestro
996 1995 1134 2058 nurnine

88 2098 282 2182 auxilioque
306 2098 474 2172 servastis,
500 2106 605 2162 testor
621 2099 752 2182 integro
776 2118 827 2162 me
851 2099 1013 2162 animone
1030 2098 1134 2162 libero
1170 2113 1186 2159 a

89 2200 127 2264 P.
145 2201 259 2266 Sullae
276 2223 410 2266 causam
427 2201 616 2275 defendere,
635 2202 766 2264 nullum
789 2222 808 2264 a
832 2224 883 2266 me
906 2203 1033 2266 sciente
1056 2202 1134 2266 iaci·

89 2328 153 2371 nus
170 2307 341 2382 occultari,
360 2306 491 2369 nullum
507 2305 616 2370 scelus
635 2313 828 2390 susceptum
851 2315 966 2370 contra
988 2307 1132 2372 salutem

89 2412 239 2474 omnium
254 2409 391 2474 defendi
408 2431 445 2473 ac
463 2410 542 2495 tegi.
589 2408 683 2473 Nihil
698 2409 739 2474 de
756 2409 817 2474 hoc
836 2410 955 2474 consul
977 2411 1131 2495 comperi,

88 2514 173 2578 nihil
198 2515 387 2598 suspicatus
412 2535 496 2588 sum,
524 2513 607 2576 nihil
638 2513 761 2576 audivi.
808 2514 927 2598 ltaque
953 2514 1040 2578 idem
1071 2535 1133 2600 ego
1145 2517 1185 2580 87

88 2618 155 2695 ille,
177 2618 237 2703 qui
263 2618 442 2683 vehemens
466 2619 501 2681 in
525 2618 616 2694 alios,
634 2618 692 2702 qui
710 2617 923 2681 inexorabilis
949 2618 982 2680 in
1006 2627 1134 2683 ceteros
1157 2633 1186 2678 10

88 2743 159 2794 esse
183 2723 276 2787 visus
298 2743 384 2799 sum,
408 2722 551 2807 persolvi
576 2722 712 2806 patriae,
738 2720 828 2805 quod
851 2719 972 2796 debui3
1003 2722 1133 2807 reliqua

119 2952 221 3002 ³140.
241 2952 449 3014 singularibus
467 2987 472 2999 .
490 2987 495 2998 .
513 2988 518 2999 .
536 2964 602 3013 ege·
628 2952 681 3009 i.e.‚
695 2951 741 3000 the
758 2951 855 3001 second
873 2952 942 3001 class
959 2952 981 3001 is
999 2952 1081 3015 really
1097 2954 1137 3002 in·

88 3029 142 3078 rit:
164 3030 199 3080 cf.
225 3029 278 3079 111.
302 3028 348 3077 14.
370 3029 425 3080 7-9.
461 3028 513 3077 cul
535 3027 601 3076 uni:
626 3027 720 3077 cluded
739 3028 765 3076 in
787 3029 833 3077 the
856 3029 932 3078 first:
950 3030 985 3079 cf.
1008 3030 1030 3080 Ι.
1048 3030 1094 3078 11.
1110 3031 1133 3080 8.

88 3106 151 3156 read
169 3106 217 3155 the
235 3111 313 3156 notes
331 3119 366 3154 on
388 3105 441 3154 111.
455 3104 501 3153 15.
513 3105 599 3154 3‘2-35.
624 3108 755 3166 penates:
777 3119 812 3154 se.
836 3107 950 3166 publici,
968 3108 1021 3156 and
1039 3121 1082 3157 see
1099 3122 1136 3158 on

88 3181 161 3231 dico
174 3181 271 3239 111118,ί
284 3183 331 3232 but
345 3183 389 3242 (ei.
404 3183 466 3243 §8¹-
485 3181 526 3243 21)
542 3181 601 3230 ldo
626 3181 675 3232 IV.
698 3181 744 3230 18.
764 3184 801 3231 11.
837 3183 930 3240 Nihil,
946 3183 1029 3241 nihil,
1045 3183 1136 3233 nihil:

88 3273 134 3320 say
146 3257 228 3307 this:’
246 3258 370 3308 lorillud
385 3281 410 3306 =
424 3258 485 3307 ‘the
500 3257 602 3306 follow·
625 3258 660 3307 cf.
674 3255 686 3314 1
698 3259 737 3307 81.
749 3259 789 3318 33,
802 3260 842 3309 34.
877 3260 1028 3322 comperi:
1047 3261 1074 3309 in
1092 3261 1136 3309 his

90 3334 161 3397 ing;’
185 3334 221 3385 cf.
240 3335 255 3396 §
276 3335 316 3384 59.
335 3335 374 3383 44.
409 3334 500 3382 initio
521 3333 601 3381 dixi:
625 3335 715 3396 public
727 3336 877 3386 references
886 3343 914 3385 to
923 3337 1135 3399 tlieeonspiracy

88 3409 165 3470 5514.
179 3411 240 3474 5-83
254 3411 292 3462 17.
305 3411 346 3472 38,
358 3411 402 3472 39;
414 3411 453 3460 20.
466 3410 553 3460 34-36.
626 3411 719 3460 Cicero
741 3425 771 3461 so
792 3412 945 3475 frequently
964 3413 1087 3463 declared
1107 3426 1135 3462 se

625 3490 786 3548 comperisse
813 3491 905 3539 omnio
929 3491 990 3538 that
1018 3490 1136 3550 comperi

120 3563 187 3624 §su
221 3563 284 3612 1-ss
307 3563 340 3612 di
362 3562 456 3625 patrii
484 3574 522 3611 ac
549 3574 601 3624 pe·
625 3564 733 3613 became
749 3579 765 3613 a
781 3572 845 3614 cant
858 3566 930 3615 word
948 3571 977 3614 at
994 3566 1041 3614 the
1058 3568 1134 3626 time,

89 3641 186 3696 nates,
196 3638 600 3701 ‘godsoiouriorefathersand
624 3641 677 3688 and
695 3641 730 3690 he
743 3655 797 3691 was
811 3642 887 3691 often
901 3642 1011 3690 launted
1026 3643 1091 3691 with
1104 3643 1133 3691 it.

90 3715 242 3778 protecting
262 3715 357 3765 deities
380 3715 410 3766 ο1
432 3715 478 3765 the
500 3715 598 3777 state3’
657 3717 671 3778 §
693 3716 732 3768 87.
754 3717 800 3767 10.
823 3717 909 3774 alios,
935 3721 1072 3767 ceteros:
1091 3731 1136 3768 see

90 3803 127 3844 an
141 3791 265 3855 example
280 3791 310 3843 oi
325 3805 411 3856 genus
422 3791 476 3842 and
487 3792 600 3857 species,
624 3793 684 3856 0n§
695 3793 718 3843 9.
732 3794 772 3845 25.
808 3793 878 3844 Who
889 3807 959 3844 were
970 3794 1018 3844 the
1029 3793 1104 3849 cliii
