2678 4260
513 255 593 306 car.
619 257 659 317 31,
684 257 698 318 a
720 255 808 307 arao.
1168 243 1231 308 349

132 426 241 490 iorum
268 427 440 513 imagines,
466 427 537 511 ipse
562 434 716 491 ornatum
746 447 784 490 ac
809 427 969 492 vestitum
1000 427 1179 512 pristinum
1202 443 1232 489 ao

132 531 351 615 recuperabit.
399 530 530 607 Omnia,
556 530 691 606 iudices,
715 531 796 596 haec
820 533 940 596 amissa
954 540 1044 607 sunt,
1069 533 1179 595 omnia

132 637 275 722 generis,
307 637 460 712 nominis,
493 635 626 699 honoris
664 636 809 721 insignia
846 644 947 720 atque
987 643 1179 700 ornamenta

134 741 234 804 unius
259 739 373 804 iudicii
397 740 584 804 calamitate
609 739 811 805 occiderunt.
858 740 924 804 Sed
946 762 987 805 ne
1012 741 1179 805 extinctor

133 846 269 929 patriae,
301 867 341 909 ne
381 843 539 929 proditor,
573 865 614 907 ne
643 843 747 909 hostis
783 845 981 928 appelletur,
1014 866 1056 909 ne
1094 844 1179 908 hanc

132 948 241 1012 labem
272 949 357 1012 tanti
386 948 522 1012 sceleris
555 949 590 1011 in
614 947 741 1011 familia
765 949 944 1033 relinquat,
977 948 1012 1012 id
1042 948 1179 1024 laborat,
1203 964 1232 1010 3⁶

133 1052 169 1115 id
184 1054 313 1129 metuit,
331 1074 372 1117 ne
396 1052 540 1137 denique
565 1052 617 1128 hic
641 1053 741 1116 miser
765 1053 930 1118 coniurati
958 1060 992 1117 et
1017 1053 1180 1118 conscele-

132 1159 197 1221 rati
213 1167 248 1223 et
263 1158 441 1243 proditoris
465 1158 555 1222 filius
580 1159 791 1234 nominetur;
816 1158 894 1222 huic
914 1179 1027 1242 puero,
1045 1159 1104 1243 qui
1127 1165 1179 1222 est

134 1263 164 1326 ei
189 1263 260 1327 vita
286 1284 346 1327 sua
371 1264 478 1327 multo
505 1263 619 1355 carior,
643 1263 774 1338 metuit,
792 1263 847 1328 oui
872 1262 1005 1326 honoris
1031 1263 1177 1349 integros

133 1366 263 1431 fructus
294 1389 362 1431 non
392 1369 437 1432 sit
471 1367 666 1443 traditurus,
700 1389 740 1432 ne
780 1376 950 1432 aeternam
988 1367 1179 1431 memoriam

133 1470 304 1536 dedecoris
329 1472 508 1557 relinquat.
557 1471 622 1536 Hic
649 1494 708 1537 vos
734 1479 815 1548 orat,
837 1471 974 1548 iudices,
991 1493 1124 1556 parvus,
1141 1480 1181 1536 ut
1191 1474 1231 1538 89

133 1597 168 1640 se
198 1575 379 1660 aliquando
410 1577 438 1639 si
469 1598 536 1640 non
567 1577 697 1662 integra
727 1576 873 1651 fortuna,
906 1584 941 1639 at
971 1584 1011 1640 ut
1047 1575 1232 1640 adflictari

133 1681 220 1765 patri
246 1702 308 1744 suo
334 1681 497 1768 gratulari
522 1682 649 1746 sinatis.
697 1681 787 1746 Huic
805 1683 924 1745 misero
948 1681 1077 1744 notiora
1100 1688 1181 1744 sunt

133 1786 253 1850 itinera
269 1785 468 1850 iudiciorum
485 1785 599 1850 ctiori
616 1808 717 1870 quam
734 1787 841 1871 campi
858 1794 893 1851 et
916 1786 1177 1870 disciplinarum.

134 1890 209 1953 Non
233 1891 299 1954 iam
323 1890 363 1954 de
387 1891 458 1956 vita
484 1891 521 1953 P.
539 1891 662 1966 Sullae,
688 1890 826 1968 iudiceS,
851 1892 911 1957 sed
939 1891 979 1956 de
1007 1891 1180 1976 sepultura

133 1993 369 2069 contenditur;
393 1996 464 2059 vita
484 2002 597 2079 erepta
613 2004 664 2059 est
680 1997 848 2079 superiore
871 1995 1004 2071 iudicio,
1022 2017 1122 2071 nunc,
1139 2016 1180 2058 ne
1203 2009 1233 2054 45

133 2120 253 2182 corpus
275 2099 425 2174 eiciatur,
451 2098 647 2163 laboramus.
696 2098 788 2178 Quid
813 2100 902 2165 enim
928 2108 980 2165 est
1004 2100 1082 2164 huic
1105 2099 1179 2163 reli·

133 2203 202 2287 qui,
217 2202 308 2287 quod
335 2225 412 2268 eum
437 2205 472 2266 in
497 2203 557 2267 hac
575 2203 644 2268 vita
669 2210 792 2279 teneat,
810 2216 870 2268 aut
893 2204 976 2289 quid
1000 2212 1060 2280 est,
1078 2224 1179 2288 quam
1263 2234 1265 2236 ·

133 2407 164 2456 oi
185 2406 220 2456 all
241 2407 317 2455 these
341 2409 519 2457 ornamento:
542 2421 586 2456 see
609 2422 644 2456 on
669 2405 735 2455 This
751 2407 945 2468 parenthetica]
964 2422 1011 2456 use
1028 2408 1058 2456 of
1074 2410 1104 2457 ut
1124 2406 1181 2468 (‘as

133 2484 303 2544 incolomem,
318 2484 331 2544 5
344 2484 382 2532 61.
398 2484 436 2532 19.
668 2482 712 2531 iar
726 2497 755 2530 as
773 2483 890 2545 possible
909 2484 956 2545 in,'
978 2482 1178 2546 ‘considering'

165 2559 211 2607 36.
230 2558 282 2608 hic
305 2560 405 2608 miser.
439 2559 538 2610 Sulla’s
556 2575 646 2623 young
670 2558 754 2618 ‘ior')
768 2560 834 2607 with
847 2574 881 2608 an
895 2560 996 2622 ellipsis
1012 2560 1042 2608 of
1058 2561 1104 2609 the
1117 2561 1180 2608 verb

133 2650 192 2697 son,
214 2636 277 2686 who
298 2650 353 2686 was
375 2643 484 2699 present
510 2636 584 2699 (dics
609 2637 643 2686 cf.
669 2632 723 2696 (fit,
741 2634 807 2696 fieri
826 2636 929 2698 potest)
961 2638 982 2685 is
1010 2637 1083 2698 quite
1111 2651 1178 2687 rare.

134 2713 148 2774 ᾖ
171 2713 210 2762 62.
235 2713 259 2771 5)
282 2712 310 2760 in
331 2718 425 2762 court:
445 2727 489 2762 see
514 2713 579 2762 Exc.
606 2713 643 2762 ΙΙ.
667 2711 779 2759 itinera
797 2711 992 2771 iudiciorum,
1011 2714 1054 2763 for
1078 2715 1180 2762 itinero

133 2790 148 2850 5
168 2788 205 2837 14.
668 2788 929 2839 odi'udicicshehad
939 2791 1129 2853 accompanied
1138 2790 1180 2839 his

167 2864 212 2912 ³7.
229 2864 302 2913 huic
330 2878 427 2927 puero
450 2902 455 2913 .
478 2901 484 2914 .
506 2902 512 2913 .
535 2866 647 2915 metuit
668 2863 758 2912 father
769 2870 797 2914 to
810 2866 862 2915 and
876 2868 918 2916 fro
930 2874 958 2917 to
971 2869 1058 2917 excite
1074 2881 1181 2930 sympa-

134 2954 182 2998 ne,
204 2946 266 3003 eto,
291 2942 349 2991 ‘for
371 2942 425 2992 this
448 2943 499 3004 boy
519 2943 553 2992 he
576 2943 647 2991 iears
669 2940 717 3002 thy
729 2941 772 2989 for
787 2943 853 2992 him.
890 2944 998 3005 campi,
1012 2945 1057 2993 the
1076 2943 1181 3006 regular

135 3019 202 3076 that,
211 3019 290 3068 etc.:’
302 3033 388 3081 puero
401 3019 496 3069 should
509 3021 542 3069 be
554 3019 646 3082 placed
669 3016 744 3079 place
770 3018 799 3066 of
830 3021 955 3069 exercise.
1002 3019 1180 3081 disciplina-

135 3097 163 3144 in
180 3096 227 3144 the
247 3096 420 3145 subordinate
437 3097 526 3146 clause
543 3111 573 3146 as
590 3097 644 3146 ind.
669 3106 743 3147 rum.
758 3093 897 3145 ‘schools'

135 3173 189 3235 obj,
203 3173 233 3222 of
243 3173 392 3235 relinquat,
407 3174 455 3222 but
468 3174 490 3222 is
508 3173 601 3236 placed
619 3174 646 3222 in
700 3169 801 3219 4446.
816 3172 1046 3229 vita,acon1m0n
1056 3186 1181 3235 exagger-

136 3249 183 3299 the
195 3250 270 3299 main
288 3249 377 3299 clause
397 3250 441 3298 ior
460 3251 595 3312 emphasis
613 3251 647 3312 by
669 3245 744 3295 atlon
758 3249 801 3297 ior
817 3252 914 3299 status.
950 3249 1048 3298 Sulla’s
1066 3249 1114 3297 life
1127 3262 1180 3298 was

136 3326 183 3374 the
206 3327 352 3375 attraction
370 3326 450 3375 noted
474 3341 509 3375 on
534 3327 645 3388 Sullam,
670 3327 719 3371 110t
738 3330 766 3372 at
788 3326 873 3384 stake,
896 3326 945 3374 but
964 3325 999 3374 all
1022 3327 1083 3374 thal
1103 3324 1181 3374 made

136 3403 207 3464 566.
226 3404 266 3453 20.
302 3403 355 3453 For
368 3417 428 3453 case
440 3404 469 3452 of
483 3417 570 3464 puero
582 3404 647 3452 with
671 3403 718 3453 life
741 3406 864 3455 valuable
893 3407 920 3454 in
951 3407 997 3455 the
1020 3421 1081 3468 eyes
1109 3406 1138 3455 of
1165 3420 1182 3454 a

136 3481 242 3542 metuit,
256 3479 290 3530 A.
310 3479 357 3533 227
370 3495 403 3544 c,·
418 3480 450 3530 G.
469 3481 529 3543 3473
547 3480 582 3529 H.
601 3481 649 3530 385
671 3476 777 3532 Roman
790 3483 877 3531 noble.
913 3482 1051 3538 eiciatur,
1068 3497 1084 3530 a
1102 3483 1182 3531 refer·

137 3557 175 3606 II.
190 3557 216 3619 13
232 3554 264 3606 B.
277 3556 351 3608 1871
364 3573 390 3608 a.
671 3574 736 3610 ence
753 3564 781 3607 tc
798 3559 876 3618 exile,
890 3559 937 3607 the
955 3573 1005 3608 one
1017 3558 1128 3621 penalty
1140 3559 1183 3607 ior

170 3634 184 3695 ξ
196 3633 235 3683 89.
254 3632 352 3682 41-43.
369 3637 403 3682 at
414 3637 449 3682 ut
461 3632 594 3690 adflicta,
606 3632 649 3682 ‘at
671 3636 827 3698 conspiracy
839 3649 913 3684 more
923 3649 1013 3685 severe
1024 3636 1092 3684 than
1105 3636 1182 3684 those

137 3708 206 3758 least
217 3723 247 3758 as
259 3709 302 3758 far
312 3723 341 3758 as
353 3724 415 3772 may
427 3710 460 3759 be
472 3710 501 3758 in
512 3709 555 3759 his
568 3708 649 3760 affiic·
671 3712 779 3774 already
790 3710 910 3775 imposed
923 3725 996 3774 upon
1007 3711 1065 3765 him
1077 3711 1120 3760 ior
1130 3711 1183 3768 bri·

137 3785 226 3843 tiout’
240 3786 305 3838 with
326 3787 440 3857 adflicta,
466 3801 501 3836 sc.
519 3786 647 3855 fortuna.
671 3790 743 3858 bery.
946 3776 951 3782 ’
