2678 4260
474 267 554 320 car.
578 215 668 331 labo,
693 266 707 332 t
730 268 849 320 rol—106.
1171 252 1236 322 519

136 441 227 504 omni
255 440 497 527 significatione
525 439 696 504 florebant.
744 439 807 504 His
832 440 868 502 in
893 439 1025 504 theatro
1049 441 1185 525 plaude·

117 543 244 620 batur,
261 544 296 607 hi
312 542 492 630 suffragiis,
507 543 598 628 quod
615 542 867 620 contenderant,
881 543 1183 629 consequebantur,

135 647 255 711 horum
282 648 431 712 homines
464 670 596 724 nomen,
624 648 817 724 orationem,
844 648 989 725 vultum,
1017 649 1183 714 incessum

135 752 301 816 amabant.
348 752 417 830 Qui
440 760 553 816 autem
576 751 838 816 adversabantur
862 753 892 816 ei
915 754 1041 839 generi,
1065 776 1184 840 graves
1208 771 1237 816 ae

135 863 171 920 et
186 857 298 941 magni
324 855 475 919 homines
499 855 725 931 habebantur3
749 856 809 921 sed
825 855 982 920 valebant
1004 858 1039 920 in
1062 866 1183 922 senatu

135 960 291 1035 muitum,
315 959 406 1044 apud
432 959 534 1024 bonos
563 960 651 1024 viros
682 960 876 1044 plurimum,
901 960 1113 1025 multitudini
1136 964 1184 1027 iu·

136 1062 238 1127 cundi
266 1086 333 1126 non
358 1070 462 1139 erant,
488 1062 657 1150 suffragiis
691 1062 927 1128 offendebatur
953 1086 1050 1149 saepe
1077 1087 1192 1130 eorum

136 1168 313 1244 voluntas3
337 1169 494 1252 plausum
510 1189 588 1232 vero
606 1168 706 1231 etiam
723 1168 752 1231 si
770 1170 846 1252 quis
863 1191 978 1234 eorum
1001 1169 1183 1254 aliquando

135 1280 318 1356 acceperat,
332 1294 373 1336 ne
391 1271 473 1356 quid
490 1279 668 1356 peccasset,
681 1272 945 1357 pertimescebat.
993 1274 1045 1337 Ac
1061 1281 1184 1350 tamen,
1208 1289 1238 1335 ac

135 1377 164 1440 si
181 1397 334 1460 quaeres
351 1377 550 1451 eratmaior,
568 1376 657 1440 idem
680 1378 737 1441 ille
762 1377 907 1461 populus
931 1376 1050 1440 horum
1072 1385 1184 1442 aucto

135 1481 233 1545 ritate
251 1481 395 1546 maxime
411 1480 691 1545 commovebatur.
940 1542 945 1555 Ι

180 1602 211 1646 n.
243 1584 353 1660 Nunc,
371 1585 433 1648 nisi
451 1606 502 1648 me
519 1584 618 1660 fallit,
635 1585 670 1646 in
693 1606 732 1648 eo
756 1592 847 1649 statu
871 1585 989 1649 civitas
1013 1592 1074 1661 est,
1091 1593 1139 1662 ut,
1154 1587 1185 1650 si
1199 1586 1257 1652 106

135 1709 252 1772 operas
268 1687 511 1752 conductorum
534 1689 726 1763 removeris
743 1710 857 1753 omnes
880 1688 970 1752 idem
994 1687 1034 1753 de
1050 1710 1085 1753 re
1102 1689 1184 1773 pub·

135 1793 201 1856 lica
217 1793 347 1856 sensuri
364 1813 435 1856 esse
453 1791 641 1856 videantur.
688 1793 823 1856 Etenim
840 1792 947 1857 tribus
962 1793 1044 1857 locis
1060 1793 1185 1879 signifi-

135 1897 203 1959 cari
222 1897 363 1982 maxime
380 1895 421 1960 de
438 1918 472 1960 re
493 1896 627 1980 publica
650 1897 767 1981 populi
793 1898 935 1960 Romani
960 1896 1123 1961 iudicium
1146 1919 1183 1962 ac

134 2002 293 2066 voluntas
320 2009 442 2086 potest,
467 2001 633 2076 contione,
659 2001 812 2075 comitiis,
838 2000 995 2064 ludorum
1026 2001 1186 2087 gladiato
1219 2016 1238 2064 t

134 2128 279 2191 rumque
295 2127 464 2171 consessu.
505 2104 600 2185 Quae
613 2105 724 2168 contio
741 2103 809 2168 fuit
823 2127 882 2188 per
893 2105 954 2168 hos
970 2127 1085 2181 annos,
1097 2127 1183 2190 quae

135 2210 273 2295 quidem
300 2218 390 2275 esset
417 2232 483 2274 non
511 2208 687 2284 conducta,
711 2208 769 2272 sed
797 2210 944 2284 varaia
972 2230 1040 2294 qua
1067 2211 1183 2294 populi

136 2315 277 2378 Romani
294 2336 477 2380 consensus
501 2313 644 2398 perspici
667 2334 733 2375 non
758 2313 894 2397 posset?
941 2313 1086 2378 Habitae
1102 2322 1184 2379 sunt

168 2461 268 2511 23-31.
302 2462 466 2524 suffragiis,
496 2461 587 2510 which
617 2461 652 2508 he
673 2473 732 2508 ntus
743 2460 823 2522 being
831 2460 934 2522 usually
944 2460 1094 2522 expressed.
1115 2473 1187 2522 opa-

134 2539 185 2587 has
208 2539 415 2602 acknowledged
435 2539 464 2588 ln
483 2539 496 2600 ξ
514 2537 553 2589 78.
569 2538 600 2586 25
622 2541 651 2584 to
671 2547 735 2583 raa
769 2534 1006 2591 conductorum,
1042 2535 1186 2600 ‘lrireiings

135 2616 169 2664 be
180 2615 245 2665 linal
257 2615 311 2665 and
323 2615 445 2677 binding.
479 2613 565 2675 quod
577 2625 650 2662 con·
673 2611 880 2674 (consistingloi
886 2613 1082 2672 mercenarios,’
1091 2626 1186 2664 amera

135 2692 309 2749 tenderent,
344 2691 453 2741 ‘which
497 2691 562 2752 they
595 2689 649 2739 had
671 2688 1184 2748 variarionroropercrcondaclami.

135 2769 237 2817 striven
250 2768 320 2816 ior:’
337 2768 392 2816 this
408 2767 550 2816 transitive
562 2780 610 2815 use
621 2767 650 2814 oi
670 2764 683 2822 i
709 2766 748 2815 38.
776 2765 799 2814 3.
835 2764 923 2822 loeis,
942 2764 1115 2827 ‘occasions'
1131 2765 1184 2817 abi.

136 2845 269 2894 contendo
281 2845 303 2893 is
310 2858 377 2893 rare.
408 2842 469 2902 Qui
481 2844 593 2899 autem,
603 2843 649 2890 the
671 2843 701 2891 oi
717 2843 792 2903 time,
806 2848 854 2890 not
867 2841 951 2904 place.
986 2841 1144 2898 iudicium,
1156 2855 1187 2892 aa

135 2919 239 2969 leaders
257 2920 286 2969 oi
304 2921 351 2968 the
370 2920 522 2981 optimates.
558 2917 588 2966 ei
603 2929 651 2978 ge·
672 2919 848 2978 anticam.
868 2918 1186 2975 contionemomitiis:

134 2996 215 3044 neri:
233 3010 268 3045 sc.
283 2996 372 3045 what?
406 2996 456 3045 See
470 3007 507 3044 on
524 2994 589 3044 Sull.
605 2993 649 3041 59.
672 2996 794 3044 mention
807 3009 881 3044 some
892 2996 984 3056 points
995 2996 1024 3044 oi
1041 2995 1186 3045 difference

133 3074 176 3133 42,
190 3073 243 3120 and
264 3073 353 3121 notice
372 3073 433 3120 that
451 3071 545 3120 Cicero
563 3070 650 3118 leaves
672 3072 791 3120 between
801 3072 883 3120 them.
900 3069 1063 3119 ludorum.
1076 3105 1082 3118 .
1095 3083 1186 3120 .con·

134 3150 309 3212 thedelining
320 3149 437 3211 genitive
449 3146 649 3209 tobesupplied
671 3159 767 3202 sessu.
793 3146 836 3196 ‘at
859 3148 905 3195 the
922 3146 1078 3209 gatlrerings
1096 3147 1185 3196 which

133 3226 205 3273 from
218 3225 264 3274 the
275 3230 387 3274 context
395 3225 474 3272 when
487 3225 534 3272 the
543 3222 615 3272 word
629 3223 650 3271 is
671 3224 764 3272 attend
782 3224 829 3272 the
842 3236 933 3286 gamas
950 3222 1004 3271 and
1022 3223 1185 3273 exhibitione

133 3315 202 3349 even
217 3300 268 3349 less
282 3300 353 3350 clear
369 3301 436 3349 than
453 3300 530 3348 here:
547 3299 582 3348 ei.
597 3299 647 3360 Ep.
672 3300 700 3349 oi
728 3299 892 3362 gladiators.'
939 3298 1183 3359 gladiatorum:

133 3376 298 3426 reniale.
321 3375 651 3438 maior,‘unusuallyim·
672 3391 811 3426 munerum
841 3376 1046 3436 mediatorum:
1074 3375 1108 3424 ci.
1133 3375 1182 3437 Ep.
1218 3394 1223 3402 ·

133 3453 263 3516 portant‚’
277 3452 321 3502 ‘oi
336 3466 389 3515 any
400 3452 594 3514 importance:’
608 3451 652 3501 for
672 3452 781 3502 111.11.
795 3453 852 3502 168:
866 3453 935 3501 Mur.
949 3450 996 3500 67.
1009 3453 1052 3501 11:
1064 3452 1107 3501 ior
1114 3452 1186 3501 their

133 3529 316 3590 comparative
327 3529 361 3577 cf.
375 3526 387 3583 1
400 3529 439 3577 66.
453 3528 492 3577 28.
672 3529 808 3580 unofficial
831 3530 970 3578 character
991 3542 1036 3577 see
1057 3542 1093 3577 on
1116 3527 1182 3578 Sull.

672 3606 716 3653 54.
751 3606 788 3657 17.
841 3616 920 3665 quae
954 3603 1087 3665 quidem,
1121 3609 1184 3665 etc,

167 3686 248 3747 5106.
270 3684 332 3732 1-7.
356 3683 478 3732 nisime
489 3682 577 3739 fallit,
588 3681 649 3730 ‘iil
674 3681 780 3730 ‘which
804 3677 838 3729 at'
854 3680 922 3728 least
944 3692 998 3728 was
1020 3684 1079 3740 not,
1103 3679 1182 3750 etc.:’

132 3776 178 3811 am
186 3767 234 3811 not
243 3760 407 3810 mistaken:’
422 3760 478 3809 this
486 3758 649 3821 impersonal
671 3758 715 3806 ior
738 3759 785 3806 the
813 3757 903 3806 clausa
933 3769 978 3805 see
1004 3769 1040 3804 on
1062 3755 1113 3806 1v.
1138 3754 1184 3804 16.

132 3839 218 3889 useoi
224 3837 301 3898 fallo
309 3838 332 3887 is
340 3851 408 3900 rare,
416 3837 464 3886 the
476 3837 581 3898 subiect
590 3836 650 3884 oni·
675 3835 713 3882 11.
