2678 4260
512 275 593 330 car.
617 276 641 341 a,
666 277 681 342 s
704 275 791 329 12-14.
1115 231 1201 333 ι133

98 473 118 515 a
149 451 306 530 Catilina,
337 454 374 515 in
404 459 568 516 nocturno
607 459 777 518 conventu
808 453 898 538 apud
930 454 976 517 M.
1010 453 1151 518 Laecam

100 555 222 621 fuisset
236 578 352 621 necne.
398 556 484 620 Cum
503 557 559 621 ille
576 557 674 621 homo
687 557 928 622 audacissimus
945 559 1150 623 conscientia

100 661 275 725 convictus
306 661 413 746 primo
443 661 642 737 reticuisset,
670 660 815 745 patefeci
843 669 968 737 cetera3
1002 662 1086 747 quid
1111 685 1150 728 ea

100 771 197 828 nocte
217 765 352 850 egisset,
369 764 453 849 quid
471 765 505 827 in
525 766 710 849 proximam
729 766 969 842 constituisset,
987 788 1086 850 quem
1107 766 1149 830 ad

100 866 235 930 modum
268 877 358 933 esset
387 869 418 932 ei
449 869 534 932 ratic
566 869 671 934 totius
703 869 782 934 belli
816 870 992 954 descripta,
1021 871 1148 935 edocui.
1172 887 1201 932 ao

101 969 187 1034 Cum
204 971 391 1048 haesitaret,
407 994 483 1036 cum
500 980 681 1050 teneretur,
700 974 861 1057 quaesivi,
882 972 965 1058 quid
981 973 1150 1040 dubitaret

99 1075 263 1159 proficisci
288 1098 337 1152 ec,
354 1099 422 1161 quo
445 1078 510 1140 iam
538 1077 667 1161 pridem
694 1084 834 1161 pararet,
853 1099 928 1142 cum
952 1100 1052 1156 arma,
1072 1102 1148 1145 cum

98 1202 241 1258 secures,
269 1203 347 1246 cum
373 1181 490 1258 fasces,
519 1203 597 1246 cum
624 1182 732 1256 tubas,
762 1205 839 1246 cum
862 1184 959 1269 signa
983 1184 1147 1262 militaria,

98 1307 174 1348 cum
190 1286 338 1370 aquilam
353 1286 445 1350 illam
461 1293 664 1371 argenteam,
688 1288 742 1349 cui
768 1286 823 1351 ille
846 1288 944 1351 etiam
968 1291 1148 1353 sacrarium
1170 1306 1199 1351 24

97 1388 187 1452 domi
204 1411 283 1455 suae
299 1389 435 1466 iecerat,
451 1391 569 1454 scirem
587 1413 656 1454 esse
676 1392 896 1474 praemissam.
943 1393 983 1455 ln
1007 1394 1145 1457 exilium
1161 1396 1200 1458 14

97 1493 265 1570 eiciebam,
281 1516 384 1579 quem
398 1495 463 1558 iam
480 1495 667 1580 ingressum
684 1517 754 1559 esse
772 1497 806 1558 in
829 1496 954 1560 bellum
971 1497 1148 1561 videbam?

97 1597 245 1675 Etenim,
285 1597 394 1675 crede,
433 1599 581 1663 Manlius
616 1601 683 1673 iste
719 1601 880 1676 centurio,
919 1601 979 1684 qui
1006 1601 1040 1663 in
1067 1623 1147 1687 agro

97 1702 286 1768 Faesulano
312 1711 420 1769 castra
450 1705 574 1788 posuit,
602 1703 728 1768 bellum
755 1704 879 1788 populo
907 1705 1056 1768 Romano
1086 1727 1146 1770 suo

97 1808 231 1872 nominc
247 1806 381 1894 indixit,
398 1815 434 1873 et
448 1808 508 1872 illa
524 1815 632 1872 castra
646 1830 735 1872 nunc
752 1829 819 1871 non
836 1807 1015 1871 Catilinam
1027 1808 1147 1873 ducem

96 1918 288 1996 expectant,
311 1912 421 1978 atille
446 1914 572 1978 eiectus
597 1913 633 1975 in
660 1913 798 1976 exilium
826 1934 861 1975 se
887 1912 1079 1990 Massiliam,
1107 1922 1147 1979 ut
1168 1928 1198 1974 au

96 2016 204 2093 aiunt,
220 2037 288 2079 non
304 2017 340 2079 in
356 2016 436 2081 haec
454 2025 562 2081 castra
579 2015 738 2080 conferet.

96 2218 185 2268 eicio.
230 2217 324 2268 Cicero
349 2221 443 2279 quotes
472 2214 611 2276 ironically
636 2214 770 2271 modum,
785 2214 880 2263 ‘hom’
916 2214 960 2262 ei:
983 2215 1065 2263 case?
1095 2215 1145 2264 See

96 2296 143 2344 the
155 2295 253 2358 charge
262 2295 291 2344 of
302 2295 349 2343 the
359 2293 482 2354 improbi.
518 2290 610 2341 vehe-
634 2289 823 2351 0n1.,16.10.
858 2290 939 2338 ratio
951 2289 1050 2338 totius
1062 2289 1145 2349 belli,

95 2383 185 2420 mens
206 2370 260 2420 ille
283 2369 401 2419 consul.
446 2369 505 2419 The
528 2367 610 2416 Latin
635 2367 698 2416 ‘tire
721 2367 808 2416 whole
820 2365 982 2428 campaign’

96 2446 181 2496 idiom
197 2447 261 2497 does
278 2453 327 2497 not
338 2446 485 2508 ordinarily
496 2449 611 2494 connect
665 2444 710 2500 22,
722 2443 767 2491 23.
785 2443 958 2503 proficisci:
975 2443 1077 2492 moed?
1093 2443 1144 2493 See

95 2524 243 2586 adjectivae
268 2523 298 2572 oi
325 2523 412 2586 praise
441 2522 494 2571 and
523 2521 610 2570 blame
633 2534 668 2568 on
687 2520 719 2580 1.‚
738 2518 783 2566 17.
796 2520 835 2568 21.
870 2517 1061 2578 cumcausal,
1075 2520 1143 2568 with

95 2599 209 2662 directiy
223 2600 289 2649 with
306 2614 400 2649 names
417 2599 471 2648 and
489 2597 563 2646 titles
581 2598 610 2645 oi
632 2594 686 2642 —i
719 2604 791 2641 cum
811 2604 901 2648 mma,
919 2604 990 2640 cum
1010 2605 1144 2648 secures.

95 2690 216 2738 persons.
251 2675 369 2734 Instead,
384 2675 430 2723 the
442 2674 575 2736 adjective
587 2673 609 2722 is
633 2681 710 2726 cum,
720 2673 770 2718 etc.
800 2668 884 2718 What
894 2668 976 2730 figure
985 2669 1014 2716 oi
1023 2669 1143 2730 speech?

95 2752 349 2815 usuallyseparated
359 2751 430 2800 from
438 2751 484 2799 the
492 2764 566 2799 noun
576 2750 610 2810 by
632 2744 681 2793 See
701 2757 736 2792 on
757 2743 791 2802 1.,
815 2744 836 2790 1.
858 2741 881 2790 3.
917 2755 1004 2801 urtica,
1026 2756 1141 2803 secures,

96 2827 134 2891 (a)
147 2843 183 2877 au
194 2829 347 2891 appositive
361 2829 416 2888 (see
427 2841 463 2877 on
481 2827 514 2883 1.,
532 2825 557 2873 4.
569 2826 607 2887 4),
632 2826 693 2880 etc,
710 2819 860 2881 indicating
876 2817 918 2866 his
936 2819 1097 2879 usurpation
1113 2819 1144 2869 oi

94 2920 127 2954 or
140 2905 246 2965 (biille.
281 2905 374 2954 civis:
388 2904 471 2954 case?
487 2903 522 2952 cf.
537 2904 609 2952 sirni-
631 2897 678 2945 tbe
711 2894 836 2945 consular
868 2907 966 2955 power.
1009 2905 1143 2952 secures,

95 2983 138 3043 lis,
149 2983 196 3043 §a
207 2982 231 3032 3.
264 2981 372 3040 verbo,
382 2981 414 3030 ‘a
425 2993 498 3029 mere
507 2978 607 3029 word:'
630 2972 748 3021 fasces:
766 2985 810 3020 see
822 2985 848 3033 p.
861 2971 902 3028 64,
917 2972 947 3032 §i
958 2971 997 3019 54·
1011 2970 1050 3019 55.

95 3059 203 3108 wilatis
215 3058 332 3109 referred
345 3058 396 3107 to?
663 3050 708 3097 24·
726 3048 874 3110 aquilam:
892 3061 935 3097 see
949 3062 983 3095 on
997 3048 1030 3108 L,
1044 3047 1089 3096 24·
1101 3049 1140 3098 28.

126 3135 172 3194 16,
184 3135 230 3183 17.
247 3147 265 3184 a
277 3133 417 3192 catilina,
430 3132 529 3183 ‘asired
547 3131 609 3182 Cat-
630 3126 728 3174 illam:
746 3125 896 3187 meaning?
913 3125 963 3174 See
980 3124 1041 3185 0n§
1060 3125 1082 3174 1.
1103 3125 1141 3174 10.

94 3211 180 3262 ilina)
215 3211 258 3262 Do
280 3216 330 3261 not
353 3208 484 3260 translate
508 3224 533 3259 u.
572 3209 605 3258 Α.
630 3203 812 3252 sacrarium:
830 3216 875 3251 see
886 3216 922 3251 on
935 3200 1027 3262 I.,24.
1039 3201 1078 3250 30.

93 3288 294 3351 2390,n0te1;
312 3288 345 3338 G.
360 3288 417 3348 333,
431 3287 506 3337 Rem.
525 3288 552 3347 23
569 3286 605 3335 H.
663 3281 727 3342 §14¹
747 3279 792 3327 2⁷.
810 3278 913 3335 credo,
945 3277 1142 3340 parentiretical

93 3366 154 3429 374,
175 3367 243 3416 note
262 3366 292 3427 43
318 3362 350 3415 Β.
367 3363 416 3415 178
427 3362 466 3428 a).
500 3363 606 3412 husset
630 3357 683 3406 and
696 3355 807 3405 ironical
819 3369 849 3405 as
857 3355 934 3404 often
946 3355 1006 3414 (not
1015 3354 1142 3416 alwayslt

94 3453 197 3498 necne,
212 3438 357 3492 ‘whether
368 3439 478 3491 ornot!
505 3439 538 3490 Α,
548 3440 605 3502 211,
629 3435 690 3497 give
708 3447 743 3481 an
764 3431 888 3493 example
911 3431 982 3480 from
1006 3430 1039 3492 L,
1058 3430 1084 3478 5.
1100 3432 1140 3480 26.

95 3533 128 3576 u,·
151 3515 185 3568 G.
202 3517 261 3580 461,
277 3517 339 3579 4603
357 3514 394 3566 Η.
406 3517 464 3580 353,
487 3519 555 3566 note
575 3515 605 3577 33
629 3510 704 3559 iste:
726 3509 854 3571 meaning
872 3508 960 3557 here?
993 3507 1042 3557 Sec
1059 3521 1095 3557 on
1107 3507 1140 3569 I.,

96 3593 128 3644 B.
137 3593 187 3644 162
197 3594 222 3644 4.
240 3592 344 3642 homo:
367 3589 450 3642 could
467 3591 514 3642 uir.
532 3589 606 3643 have
629 3586 705 3636 217·

96 3665 268 3720 beenused?
303 3665 355 3718 See
366 3680 404 3717 on
416 3664 451 3728 L,
467 3664 512 3714 13.
524 3666 549 3716 4.
660 3662 706 3711 30.
724 3661 916 3710 Massiliam:
934 3662 1017 3711 case?
1049 3660 1143 3724 Acity

127 3742 229 3792 18-20.
247 3753 285 3792 ea
315 3744 417 3798 nocte,
439 3740 473 3788 in
503 3739 607 3801 proxi·
631 3738 783 3801 (originally
795 3752 811 3786 a
824 3737 913 3786 Greek
927 3735 1035 3799 colony)
1049 3737 1078 3785 in
1095 3737 1142 3786 the

95 3830 194 3869 mam:
207 3831 290 3884 saep.
308 3816 349 3882 80,
367 3815 433 3882 §aa
457 3826 550 3881 quem
566 3813 608 3866 ad
629 3814 711 3866 south
733 3815 763 3866 oi
785 3813 883 3876 Gallia,
907 3813 937 3862 of
958 3812 1143 3865 considerable
