2678 4260
123 294 125 298 .
163 235 228 303 530
518 249 590 300 ruo
612 251 643 300 P.
668 249 795 299 suerro
818 247 967 300 omno.

164 438 193 484 15
215 428 250 488 et
265 421 456 486 mehercule
480 442 610 506 semper
633 423 780 506 partium
803 421 837 484 in
861 442 895 484 re
919 419 1054 504 publica
1077 426 1146 484 tam
1164 441 1265 504 quam

215 528 251 591 in
266 547 386 591 scaena
402 526 603 610 optimarum
627 524 710 590 flens
735 533 770 589 et
792 525 918 589 recenti
945 524 1074 589 laetitia
1100 531 1137 589 et
1159 525 1265 588 mixto

215 629 330 695 dolore
345 651 383 694 ac
403 629 568 694 desiderio
592 631 658 693 mei
682 630 752 714 egit
775 629 863 713 apud
887 629 1049 712 populum
1075 628 1265 692 Romanum

215 730 324 794 multo
346 728 558 815 gravioribus
575 727 684 793 verbis
709 750 814 792 meam
840 749 984 803 causam,
1001 750 1103 812 quam
1131 737 1266 813 egomet

215 833 256 899 de
270 856 322 898 me
335 855 433 920 agere
450 833 661 917 potuissem?
709 831 836 896 Summi
853 833 940 896 enirn
955 836 1072 915 politae
1090 833 1264 917 ingenium

155 953 192 1010 *ac
214 938 494 1003 nonsolumarte
512 958 582 1013 sua,
600 936 776 1001 sedetiam
793 935 905 1000 dolore
922 934 1140 1020 exprimebat.
1188 934 1264 1014 Qua

214 1043 304 1108 enim
320 1043 373 1107 vi:

330 1163 410 1248 qui
448 1184 537 1227 rem
576 1161 809 1247 publicam
846 1167 976 1225 certo
1019 1161 1165 1224 animo
1203 1160 1264 1224 ad·

619 1266 805 1340 iuverit,

271 1369 856 1446 Statueritsteteritcum
881 1368 1133 1433 Achivis—

161 1524 191 1570 ιι
213 1509 386 1575 vobiscum
413 1531 465 1573 me
493 1509 627 1572 stetisse
655 1506 796 1582 dicebat,
814 1514 943 1571 vestros
970 1505 1103 1571 ordines
1131 1506 1265 1573 demon·

213 1611 362 1678 strabat!
387 1611 607 1677 revocabatur
622 1612 663 1676 ab
679 1611 854 1676 universis.

259 1732 319 1797 Re
342 1729 477 1795 dubia

259 1836 384 1900 Haut
407 1833 643 1899 dubitarit
666 1834 805 1899 vitam
829 1832 1002 1899 offerre
1027 1834 1105 1898 uec
1130 1836 1263 1922 capiti

896 1938 1175 2022 pepercerit.

142 2061 305 2134 lalliaco
330 2061 465 2144 quantis
489 2060 612 2124 abillo
636 2059 837 2123 clamoribus
866 2056 1071 2144 agebantur!
1096 2080 1172 2122 cum
1198 2061 1261 2124 iam

160 2181 188 2226 31
212 2165 332 2228 omisso
348 2171 446 2248 gestu
464 2162 574 2227 verbis
591 2166 707 2247 politae
725 2170 759 2226 et
774 2161 887 2226 studio
904 2163 1026 2226 actoris
1043 2169 1078 2226 et
1093 2171 1262 2248 exspecta

216 2268 299 2333 tioni
316 2274 448 2331 nostrae
465 2266 702 2352 plauderetur:

259 2386 476 2451 Summum
512 2387 701 2450 amicum
737 2388 905 2450 summo
941 2388 983 2449 in
1018 2386 1201 2452 bello—-

213 2525 296 2589 Nam
323 2524 408 2588 illud
432 2526 502 2610 ipse
526 2532 621 2589 actor
647 2524 853 2610 adiungebat
880 2527 985 2589 amico
1009 2527 1119 2589 animo
1143 2534 1178 2591 et
1200 2526 1262 2592 ior-

160 2644 189 2690 es
210 2636 299 2692 tasse
317 2628 466 2692 homines
484 2635 619 2712 propter
634 2627 771 2711 aliquod
788 2627 990 2692 desiderium
1013 2628 1260 2712 adprobabant:

564 2750 730 2813 summo
765 2750 953 2834 ingenio
989 2749 1260 2834 praeditum.

241 2919 342 2969 15-34.
366 2923 398 2967 et
423 2919 613 2968 mehercule:
634 2918 723 2967 notice
747 2919 865 2967 Romans
877 2919 997 2968 ascribed
1012 2933 1084 2969 more
1095 2920 1262 2982 importance

210 2997 270 3046 that
298 2999 324 3044 et
350 3003 477 3045 connects
503 2996 549 3043 the
574 2995 628 3056 adj.
654 3009 724 3043 cunt·
746 2995 813 3043 than
835 3009 872 3043 we
891 2995 933 3044 do.
970 2994 1086 3052 dolore,
1108 2995 1261 3046 ‘mourniul

209 3086 269 3122 ntus
298 3078 326 3122 ιο
356 3072 402 3120 the
428 3071 582 3133 equivalent
605 3084 664 3132 gen.
695 3071 724 3119 of
746 3072 842 3121 tones.’
866 3078 961 3130 certo,
976 3073 1128 3123 ‘resolute'
1155 3073 1262 3124 Statu·

210 3148 314 3211 quality
334 3149 458 3208 portium
481 3149 663 3208 optimarum.-
687 3147 721 3195 ci.
746 3149 812 3207 erit,
829 3148 942 3199 ‘caused
961 3152 982 3199 it
1000 3157 1028 3200 to
1047 3150 1147 3200 stand!
1172 3162 1262 3202 revo-

210 3225 260 3287 Ep.
291 3224 354 3274 XV.
387 3224 413 3271 1.
436 3225 463 3285 83
488 3224 525 3272 11.
546 3223 591 3271 22.
614 3226 657 3284 223
680 3237 724 3271 cx·
746 3224 1262 3285 cabatur,‘wasrecalled,’‘encored.'

210 3300 456 3363 plainmehercule.
486 3299 724 3362 partium‚aplay
790 3300 988 3361 §121.30-34.
1014 3301 1102 3350 Haec
1121 3302 1207 3353 refers
1235 3310 1262 3352 ιο

210 3391 246 3426 οη
280 3378 326 3425 the
360 3383 413 3426 two
447 3377 588 3437 rneanings
617 3376 722 3438 ‘parts'
749 3378 911 3426 Summum.
931 3413 937 3426 .
957 3379 1148 3440 praeditum,
1169 3379 1197 3429 ll.
1217 3380 1263 3430 33·

210 3453 265 3503 and
290 3453 423 3515 ‘parties’
463 3457 528 3502 tam
557 3465 656 3514 quam,
680 3453 725 3501 ‘as
747 3455 786 3503 36.
800 3454 918 3503 omisso
926 3458 1023 3515 gestu,
1033 3454 1161 3513 etc.‚‘no
1169 3456 1263 3520 longer

211 3530 270 3580 well
300 3565 305 3576 .
335 3565 340 3575 .
372 3566 378 3578 .
408 3529 456 3588 as,’
488 3530 540 3578 ‘no
563 3530 614 3577 less
643 3565 648 3578 .
679 3566 686 3578 .
717 3567 723 3579 .
748 3531 869 3592 noticing
898 3530 945 3579 the
974 3536 1103 3592 gestures,
1128 3533 1195 3595 they
1218 3548 1264 3596 ap·

210 3606 298 3656 than!
330 3610 450 3667 poetae,
466 3606 494 3654 11.
510 3607 614 3654 Attius:
632 3619 676 3654 see
689 3621 724 3654 on
747 3607 862 3668 plaudcd
875 3607 921 3654 the
935 3608 1030 3663 words,
1043 3608 1104 3657 etc.5
1132 3621 1264 3672 exspec-

211 3683 226 3745 ᾗ
244 3684 298 3733 102.
318 3683 340 3734 7.
376 3683 539 3743 Ingenium,
562 3683 721 3744 ‘meaningst
746 3683 866 3740 tationi,
879 3683 933 3742 ιο,
948 3683 994 3731 the
1013 3683 1084 3746 hope
1100 3685 1130 3732 oi
1148 3686 1263 3735 Cicero's

210 3761 285 3817 arte,
316 3759 473 3822 ‘gemmea'
498 3765 528 3811 ιο
556 3759 644 3810 which
677 3759 724 3809 the
747 3766 847 3810 return.
882 3759 963 3813 Nam
979 3759 1264 3833 illudetc.‚·(1sey
