2678 4260
196 249 260 318 564
461 267 532 317 rao
556 268 586 318 r.
613 267 733 318 numo
757 269 903 319 mnomr
927 270 1077 321 ossrro.

249 448 346 505 nator
372 448 475 524 atque
503 439 569 503 illis
598 440 734 524 quidem
763 442 969 526 temporibus
997 464 1102 526 paene
1130 450 1303 528 patronus,

211 544 437 608 tavunculus
477 543 576 607 huius
617 544 737 609 iudicis
779 547 886 609 nostri
928 545 1102 610 fortissimi
1142 548 1218 624 viri,
1258 548 1302 612 M.

250 649 397 723 Catonis,
427 646 581 711 tribunus
612 649 657 732 pl.
687 648 734 711 M.
767 650 898 714 Drusus
931 651 1059 714 occisus
1087 658 1149 716 est.
1212 651 1303 716 Nihil

249 752 289 816 de
329 752 400 815 eius
445 759 549 815 morte
592 753 737 836 populus
784 754 969 829 consultus,
1011 755 1105 818 nulla
1148 758 1302 840 quaestio

250 856 384 920 decreta
411 877 429 917 a
456 863 576 919 senatu
601 864 661 919 est.
709 857 884 935 Quantum
911 857 1043 922 luctum
1070 858 1105 920 in
1133 859 1196 924 hac
1224 860 1331 925 urbei

248 961 351 1025 fuisse
375 983 395 1024 a
422 961 545 1024 nostris
573 961 724 1044 patribus
749 964 948 1046 accepimus,
974 985 1051 1026 cum
1075 963 1114 1026 P.
1139 964 1302 1030 Africano

197 1067 335 1130 rodomi
367 1087 445 1129 suae
477 1065 663 1149 quiescenti
696 1067 754 1128 illa
786 1073 952 1130 nocturna
983 1069 1033 1131 vis
1065 1075 1155 1132 esset
1187 1068 1299 1134 illata!

250 1170 332 1248 Quis
365 1177 436 1233 tum
470 1190 537 1232 non
567 1171 705 1255 gemuit,
733 1171 808 1254 quis
836 1191 903 1234 non
934 1171 1016 1234 arsit
1046 1170 1172 1248 dolore,
1203 1195 1301 1257 quem

248 1274 469 1349 inmortalem,
486 1274 513 1337 si
531 1273 602 1337 fieri
622 1280 744 1358 posset,
764 1295 876 1338 omnes
893 1296 964 1339 esse
982 1285 1154 1359 cuperent,
1173 1278 1246 1341 eius
1262 1299 1300 1342 ne

248 1379 467 1444 necessariam
497 1378 634 1463 quidem
658 1386 869 1462 expectatam
896 1402 967 1444 esse
995 1381 1163 1445 mortem?
1213 1382 1300 1446 Num

196 1500 222 1544 14
246 1484 350 1569 igitur
366 1482 434 1546 ulla
451 1483 604 1567 quaestio
622 1482 662 1547 de
687 1482 841 1546 Africani
866 1492 971 1548 morte
994 1483 1063 1548 lata
1079 1485 1155 1548 est?
1204 1485 1299 1550 Certe

197 1591 232 1652 17
248 1588 350 1650 nulla.
400 1586 492 1664 Quid
508 1587 577 1650 ita?
609 1586 698 1664 Quia
714 1607 780 1649 non
797 1587 862 1649 alio
879 1587 1026 1651 facinore
1043 1587 1299 1665 clarihomines,

247 1691 313 1753 alio
335 1690 465 1755 obscuri
489 1697 660 1754 necantur.
709 1689 849 1754 Intersit
871 1692 960 1755 inter
984 1693 1073 1756 vitae
1098 1691 1299 1778 dignitatem

247 1815 453 1858 summorum
478 1802 579 1878 atque
604 1794 814 1867 infimorum3
840 1817 926 1858 mors
951 1795 1088 1879 quidem
1113 1796 1222 1861 inlata
1246 1819 1300 1882 per

246 1899 356 1962 scelus
374 1898 479 1962 isdem
495 1907 529 1962 et
552 1898 667 1981 poenis
692 1904 847 1962 teneatur
871 1907 905 1962 et
927 1899 1067 1984 legibus.
1115 1899 1192 1964 Nisi
1216 1901 1298 1967 forte

247 2003 353 2089 magis
369 2003 433 2067 erit
449 2001 622 2086 parricida,
639 2003 667 2065 si
692 2003 751 2086 qui
775 2003 983 2066 consularem
1007 2012 1135 2087 patrem
1153 2007 1297 2089 quamsi

194 2125 223 2169 20
245 2107 321 2190 quis
338 2106 498 2170 humilem
514 2105 651 2181 necarit,
665 2113 724 2169 aut
740 2127 778 2170 eo
792 2128 880 2169 mors
897 2108 1039 2171 atrocior
1054 2108 1118 2172 erit
1136 2108 1175 2171 P.
1191 2109 1297 2185 Clodi,

246 2209 339 2294 quod
355 2211 382 2273 is
398 2210 433 2272 in
450 2210 676 2274 monumentis
693 2211 855 2273 maiorum
869 2233 1006 2275 suorum
1019 2213 1065 2275 sit
1080 2212 1296 2290 interiectum

246 2313 308 2378 hoc
324 2315 413 2378 enim
430 2313 472 2377 ab
493 2314 567 2377 istis
590 2335 689 2398 saepe
713 2314 856 2388 dicitur3
880 2314 1019 2399 proinde
1043 2317 1141 2399 quasi
1166 2317 1297 2403 Appius

246 2418 302 2482 ille
320 2417 447 2482 Caecus
465 2404 553 2482 viam
578 2418 770 2493 muniverit,
789 2439 855 2481 non
879 2439 946 2501 qua
970 2419 1117 2503 populus
1134 2429 1296 2498 uteretur,

194 2526 230 2587 18
246 2521 304 2586 sed
335 2521 392 2585 ubi
423 2522 549 2606 inpune
581 2522 634 2584 sui
665 2522 791 2605 posteri
822 2521 1119 2587 latrocinarenturl
1179 2525 1295 2611 Itaque

192 2640 221 2684 25
245 2626 278 2688 in
306 2625 421 2690 eadem
449 2626 513 2689 ista
542 2625 655 2709 Appia
681 2626 735 2689 via
763 2646 839 2689 curn
866 2627 1117 2690 ornatissimum
1148 2631 1296 2713 equitem

276 2790 346 2850 §la
378 2787 457 2837 elz.
491 2787 533 2835 Μ.
556 2787 684 2846 Drusus,
712 2789 759 2836 tri·
784 2787 1053 2851 ‘nottodieatall,’
1068 2796 1116 2839 not
1136 2789 1184 2842 ‘to
1201 2793 1235 2843 be
1253 2795 1296 2843 im-

246 2864 314 2913 hune
330 2866 357 2913 in
372 2866 411 2923 91,
426 2864 557 2926 proposed
572 2871 600 2912 to
620 2865 680 2926 give
699 2865 758 2914 citi·
782 2865 899 2926 mortal‚’
925 2866 1016 2915 which
1039 2867 1113 2929 gives
1135 2869 1185 2919 the
1208 2884 1296 2934 wrong

244 2941 355 3001 zenship
374 2948 401 2988 to
423 2941 469 2988 the
490 2940 588 2989 Italian
610 2940 694 3001 alites,
708 2941 757 2990 but
781 2956 858 2991 sense
871 2948 899 2991 to
911 2957 946 2990 an
959 2943 1072 3006 English
1084 2957 1138 2993 ear.

244 3030 298 3065 was
321 3017 461 3064 murdered
488 3018 533 3064 the
558 3017 685 3079 morning
712 3018 757 3066 the
813 3016 1113 3080 §17.19-23.magis
1131 3021 1295 3084 estpars·

244 3096 306 3140 vote
318 3107 372 3141 was
384 3100 412 3140 to
427 3093 460 3141 be
478 3094 568 3141 taken.
607 3093 656 3142 His
674 3093 756 3142 death
781 3093 859 3150 sida,
874 3091 946 3143 ‘will
959 3094 991 3142 be
1011 3108 1085 3144 more
1105 3094 1157 3158 (oi)
1179 3112 1195 3146 a
1216 3099 1295 3161 parri-

245 3183 298 3216 was
318 3168 443 3218 followed
468 3170 502 3232 by
523 3171 570 3218 the
591 3170 672 3218 social
694 3185 755 3221 war.
781 3170 858 3219 cide)
893 3171 1111 3228 monumentis,
1127 3173 1177 3222 the
1188 3173 1294 3238 Appias

244 3244 400 3307 Creighton,
425 3261 450 3306 p.
472 3247 515 3305 643
540 3245 630 3306 Allen,
650 3261 675 3307 p.
698 3248 756 3308 1733
781 3261 847 3309 way.
889 3247 987 3297 Notice
1010 3248 1071 3297 that
1094 3255 1294 3301 monumentum

245 3321 342 3383 Myers,
367 3336 393 3384 p.
423 3322 466 3382 863
495 3322 617 3381 Pennell‚
643 3337 668 3383 p.
700 3323 753 3371 108.
780 3322 844 3370 does
857 3328 905 3370 not
914 3337 993 3374 mean
1004 3325 1294 3386 merelyatombstone

243 3397 274 3444 Ρ.
295 3397 453 3454 Africano,
473 3398 558 3447 found
579 3398 647 3446 dead
668 3399 695 3446 in
714 3399 756 3447 his
780 3413 810 3446 or
822 3399 961 3449 memorial
974 3400 1080 3449 erected
1093 3401 1121 3449 in
1135 3402 1294 3467 memoryoi
1335 3454 1337 3463 ,

243 3473 293 3522 bed
306 3474 404 3536 during
416 3475 462 3522 the
480 3475 611 3536 agitation
628 3475 658 3523 oi
675 3475 756 3524 Grac·
780 3475 910 3534 thedoad,
924 3477 970 3524 but
979 3490 1033 3538 any
1042 3476 1134 3539 public
1144 3480 1223 3528 work
1233 3480 1293 3531 with

243 3550 311 3598 chus
332 3551 420 3598 which
444 3551 479 3598 he
498 3550 608 3611 warmly
628 3552 753 3614 opposed.
781 3552 868 3600 which
887 3552 930 3600 his
951 3567 1031 3601 name
1052 3568 1106 3601 was
1134 3556 1291 3606 associated.

245 3625 287 3674 He
298 3640 351 3674 was
363 3626 481 3675 believed
492 3631 519 3674 to
529 3627 597 3675 have
607 3627 674 3675 been
685 3642 756 3676 mur·
781 3627 823 3676 Cf.
838 3628 905 3678 Sest.
919 3628 984 3676 140.
997 3630 1025 3689 53
1042 3628 1107 3677 116.
1122 3631 1163 3679 28.
1200 3632 1292 3681 muni·

244 3701 324 3750 (iered
339 3702 374 3764 by
387 3703 482 3763 Carbo,
497 3703 544 3764 57.
561 3705 598 3754 17.
634 3704 756 3751 immor·
780 3704 875 3752 verit:
895 3704 937 3753 ior
956 3705 1085 3775 meaning
1103 3719 1147 3755 see
1167 3722 1203 3765 on
1225 3709 1290 3775 Mur.

244 3776 339 3836 taleni
368 3791 445 3845 esse,
474 3780 522 3838 ‘to
544 3780 605 3838 live
629 3780 753 3850 forever,’
779 3780 875 3839 23,16,
