2678 4260
450 277 531 329 car.
557 279 642 336 raro,
665 279 679 341 s
701 274 788 329 42-45.
1120 269 1184 338 461

85 449 246 536 profecto,
274 458 323 529 ut,
354 474 431 516 cum
461 453 690 518 amentissimo
721 451 858 516 tribuno
889 453 934 536 pl.
965 453 994 518 si
1024 451 1134 518 decer·
1156 471 1185 516 25

85 564 219 632 cassem,
236 578 313 621 cum
329 557 523 622 consulibus
547 558 735 641 ceterisque
759 557 832 621 eius
856 555 1022 622 ultoribus
1039 557 1132 621 dimi-

85 680 205 724 carem.
252 660 326 746 Ego
353 683 442 738 vero,
471 661 527 725 vel
551 661 580 725 si
604 660 816 744 pereundum
844 659 966 724 fuisset
996 681 1034 725 ao
1065 663 1185 726 non44

84 764 280 848 accipienda
307 765 406 850 plaga
433 765 515 828 mibi
542 763 709 841 sanabilis,
727 765 777 827 illi
806 763 987 841 mortifera,
1004 766 1064 848 qui
1085 766 1133 828 in·

86 869 262 952 posuisset,
279 869 383 933 semel
398 869 506 952 perire
523 875 645 945 tamen,
662 868 800 943 iudices,
818 868 1011 932 maluissem
1029 890 1132 952 quam

85 971 136 1035 bis
153 972 296 1036 vincere.
344 972 427 1036 Erat
442 974 532 1036 enim
548 973 607 1035 illa
622 972 726 1036 altera
742 972 815 1036 eius
837 971 927 1035 modi
951 973 1132 1049 contentio,
1155 990 1185 1035 30

85 1082 125 1138 ut
149 1096 259 1159 neque
288 1076 370 1140 victi
401 1097 511 1160 neque
543 1077 686 1141 victores
717 1096 786 1139 rem
816 1074 987 1158 publicam
1017 1083 1130 1141 tenere

85 1200 268 1262 possemus.
316 1178 420 1258 Quid,
436 1180 465 1243 si
481 1180 516 1242 in
539 1180 647 1263 prima
662 1179 877 1243 contentione
895 1179 929 1243 vi
953 1179 1131 1244 tribunicia

85 1283 196 1346 victus
226 1284 261 1345 in
294 1281 366 1346 foro
393 1304 471 1347 cum
500 1283 617 1346 multis
653 1282 749 1347 bonis
780 1283 861 1348 viris
899 1282 1140 1348 concidissem?

85 1385 247 1450 Senatum
278 1387 442 1464 consules,
473 1386 581 1463 cred0‚
611 1394 796 1463 vocassent,
824 1408 924 1470 quem
956 1394 1066 1450 totum
1090 1387 1131 1453 de

85 1491 220 1555 civitate
248 1490 418 1567 delerant3
453 1491 496 1555 ad
522 1513 614 1555 arma
638 1497 825 1567 vocassent,
850 1491 909 1575 qui
936 1512 978 1554 ne
1005 1492 1133 1556 vestitu
1155 1507 1184 1553 35

85 1594 222 1678 quidem
254 1593 390 1659 defendi
421 1616 491 1659 rem
523 1595 690 1679 publicam
721 1595 1130 1679 sissent3at1ibun0pl.

84 1705 162 1783 post
183 1699 359 1764 interitum
382 1721 494 1764 meum
517 1697 746 1775 dissedissent‚
771 1699 831 1783 qui
854 1698 992 1764 eandem
1016 1700 1131 1764 boram

85 1825 176 1869 meae
209 1805 313 1887 pestis
344 1810 379 1868 et
409 1824 547 1868 snorum
578 1804 802 1887 praemiorum
832 1825 902 1868 esse
934 1804 1129 1869 voluissent.

85 1925 148 1970 xx.
181 1907 297 1972 Unum
313 1908 395 1970 mibi
412 1907 559 1972 restabat
573 1906 670 1983 illud,
687 1907 779 1991 quod
795 1906 935 1971 forsitan
952 1929 1018 1971 non
1035 1929 1132 1972 nemo
1143 1910 1183 1987 45

84 2013 138 2075 vir
153 2011 249 2076 fortis
265 2019 300 2076 et
315 2012 399 2076 acris
415 2012 518 2075 animi
535 2011 716 2097 magnique
735 2010 878 2076 dixerit:
904 2012 1129 2088 ‘Restitisscs

84 2137 316 2202 repugnasscs‚
334 2124 476 2180 mortem
492 2136 647 2202 pugnans
664 2115 871 2200 oppetisses.’
918 2114 970 2181 De
994 2137 1062 2200 quo
1085 2124 1128 2193 te,

85 2228 129 2295 te,
146 2222 293 2305 inquam,
311 2221 427 2304 patria,
444 2227 550 2284 testor
573 2227 608 2284 et
623 2240 692 2295 vos,
709 2226 847 2303 penates
872 2220 1039 2304 patriique
1063 2219 1127 2296 dei,

85 2346 138 2389 mc
154 2332 342 2389 vestrarum
365 2324 483 2389 sedum
507 2324 777 2408 templorumque
793 2344 904 2400 causa,
922 2345 973 2388 mc
997 2332 1133 2409 propter
1167 2341 1183 2389 0

117 2512 163 2562 26.
182 2514 296 2562 ceteris
318 2513 482 2571 ultoribus,
494 2514 541 2563 the
559 2527 599 2563 re·
653 2513 718 2574 §dh
737 2512 801 2560 1-4.
822 2511 927 2562 Unum
952 2547 957 2560 .
983 2548 989 2560 .
1014 2548 1020 2560 .
1045 2512 1131 2571 illud,

85 2597 171 2655 gents.
207 2592 283 2652 cius,
297 2591 416 2641 Clodius.
623 2588 698 2639 ‘One
715 2602 809 2638 course
825 2603 880 2639 was
898 2588 948 2639 1011
964 2603 1016 2650 me,
1035 2603 1064 2639 as
1081 2589 1131 2639 101-

119 2668 183 2729 544.
207 2667 309 2716 27-30.
327 2680 365 2716 ac
379 2681 449 2725 non,
463 2665 532 2717 ‘and
550 2671 598 2716 not
620 2664 705 2715 lows.'
739 2676 831 2713 nemo
854 2664 917 2712 vir:
935 2664 978 2714 for
995 2664 1133 2727 11100100-

86 2741 195 2802 rather,’
210 2742 253 2790 for
264 2743 312 2791 the
323 2757 397 2793 more
408 2741 486 2792 usual
498 2756 531 2792 oc
543 2756 598 2792 aon
621 2755 698 2790 nasm
715 2755 759 2791 see
775 2755 811 2789 on
823 2739 889 2790 Sull.
909 2740 955 2788 25.
968 2741 1008 2801 25,
1022 2742 1075 2790 and
1092 2741 1128 2790 01.

83 2820 185 2879 potius.
219 2817 267 2865 1111
283 2818 450 2875 mortifera,
463 2819 553 2881 owing
569 2823 598 2867 to
621 2818 670 2880 Ep.
690 2817 799 2867 XXIII.
818 2817 844 2865 5.
862 2818 901 2866 42.
946 2816 1069 2875 dixerit,
1090 2818 1133 2868 for

86 2894 204 2944 Cicero’s
248 2895 347 2956 speedy
379 2894 467 2944 recall.
509 2895 597 2956 inpo-
621 2894 701 2943 rnood
717 2907 761 2943 see
778 2907 813 2943 on
826 2893 896 2943 Mur.
909 2892 954 2942 60.
972 2893 995 2944 4.
1030 2893 1132 2942 Resti-

85 2971 214 3018 suisset:
244 2970 286 3019 ior
312 2970 393 3019 mood
421 2972 456 3020 ci.
481 2972 595 3032 patetis,
620 2969 729 3018 tiseos:
747 2970 880 3019 formood
896 2983 940 3019 see
954 2983 989 3018 on
1006 2969 1071 3019 Sull.
1084 2970 1131 3018 25.

86 3047 135 3108 §a
151 3047 188 3096 14.
223 3045 279 3094 illa
291 3046 390 3095 altera
401 3047 467 3097 with
480 3048 527 3096 the
536 3061 599 3096 con·
622 3047 660 3095 18.
695 3046 792 3097 Notice
803 3045 933 3108 careiully
945 3046 1004 3095 that
1016 3046 1072 3095 this
1083 3060 1131 3097 use

85 3122 149 3172 suls.
621 3122 651 3172 01
672 3123 718 3170 the
741 3121 913 3184 subjunctive
935 3121 1080 3172 resembles
1102 3123 1131 3172 in

118 3197 219 3247 31-36.
247 3198 333 3256 victi,
360 3199 507 3257 victores,
533 3200 599 3248 with
621 3212 698 3248 sense
720 3198 782 3247 that
803 3198 833 3246 01
858 3211 966 3259 acerem
988 3199 1043 3247 and
1069 3213 1132 3249 coa·

86 3274 252 3324 conditional
294 3275 380 3336 1010ος
424 3290 461 3324 no
500 3280 599 3325 matter
623 3275 766 3335 tenderem,
785 3274 815 3335 ἐξ
834 3274 874 3323 42.
894 3274 937 3336 14;
958 3274 998 3324 43.
1018 3274 1057 3336 16,
1081 3274 1131 3324 but

87 3351 176 3401 which
196 3357 274 3413 party
291 3351 387 3401 should
407 3365 533 3414 conqner,
551 3352 599 3401 the
621 3351 713 3400 differs
724 3349 879 3411 essentially
891 3351 918 3398 in
931 3350 979 3399 the
992 3364 1089 3412 person
1101 3350 1131 3400 01

85 3432 156 3476 state
170 3427 256 3476 would
269 3428 301 3477 be
316 3428 411 3477 ruined
430 3428 463 3490 by
475 3429 522 3477 the
533 3442 596 3478 war.
621 3427 667 3476 the
689 3427 753 3476 verb
769 3427 824 3475 and
840 3427 869 3474 in
887 3426 935 3475 the
950 3426 1021 3475 form
1038 3427 1068 3476 01
1083 3427 1131 3476 the

87 3502 196 3552 credo:
214 3503 276 3552 how
294 3504 383 3553 used?
406 3504 441 3554 01.
462 3503 528 3554 Suil.
548 3505 595 3554 2⁷.
621 3508 756 3565 sentence,
780 3503 844 3551 here
861 3501 1030 3564 declarative,
1054 3504 1131 3553 there

86 3581 130 3641 223
148 3579 201 3629 111.
218 3579 245 3628 6.
260 3579 298 3630 10.
323 3580 456 3628 vestitu:
468 3580 502 3629 01.
516 3584 596 3642 veste,
622 3579 819 3642 interrogative.
855 3577 902 3626 Dc
920 3591 998 3640 quo:
1018 3579 1054 3629 01.
1073 3579 1087 3640 ξ
1104 3581 1128 3629 2.

87 3655 101 3716 §
123 3655 162 3704 32.
188 3655 226 3704 16.
274 3654 398 3713 sissent,
421 3655 492 3704 from
519 3657 598 3706 sino:
623 3656 664 3707 17:
681 3655 754 3705 what
772 3655 794 3703 is
811 3655 858 3704 the
874 3655 1011 3717 obJ'ection
1028 3660 1058 3705 to
1075 3655 1130 3704 this

86 3732 147 3794 give
164 3731 268 3794 princp.
288 3737 362 3794 parts
379 3732 433 3781 and
450 3730 500 3779 full
517 3731 596 3781 form.
621 3732 789 3781 substantive
806 3745 853 3781 use
870 3731 899 3780 01
916 3732 964 3781 the
983 3731 1130 3794 pronouni’

86 3807 140 3865 For
150 3809 197 3862 the
208 3808 264 3862 fact
275 3808 310 3857 01.
325 3808 389 3876 532.
403 3808 426 3866 7.
621 3811 758 3877 penates,
770 3812 834 3857 etc:
851 3822 896 3858 see
907 3822 944 3863 on
955 3807 1021 3863 Suli.
1034 3807 1081 3864 66.
1094 3810 1117 3864 1.
