2678 4260
407 276 487 329 cnr.
513 277 601 342 aras,
626 275 638 336 1
663 277 781 328 nans.
1110 260 1175 330 533

75 460 175 528 esset,
192 473 234 516 an
251 452 420 537 principes
437 451 609 516 civitatis?
657 451 863 515 Nominatim
888 473 964 516 snm
979 452 1123 536 appella-

76 563 131 621 tus
148 559 183 619 in
201 557 326 619 Bruto:
1147 569 1176 614 10

121 711 413 794 'l'rilliuS,qui
436 710 710 774 libertatem
734 708 915 774 civibus
937 709 1123 774 stabili-

976 821 1120 879 verat.

77 953 211 1017 Miliens
239 960 433 1016 revocatum
464 959 524 1015 est.
572 951 739 1016 Parumne
769 952 946 1017 videbatur
975 952 1121 1036 populus

78 1058 245 1120 Romanus
262 1056 408 1120 iudicare
425 1055 460 1119 id
476 1078 494 1118 a
512 1078 563 1120 me
581 1063 616 1120 et
631 1079 650 1119 a
665 1065 784 1121 senatu
802 1079 873 1121 esse
887 1057 1119 1129 constitutum,

75 1160 167 1243 quod
191 1159 314 1243 perditi
343 1161 432 1224 cives
460 1160 633 1224 sublatum
659 1182 718 1245 per
745 1182 805 1223 nos
837 1159 1123 1224 criminabantur?
1147 1176 1175 1220 15

76 1264 264 1327 Maximum
281 1286 360 1328 vero
386 1265 503 1348 populi
528 1266 670 1328 Romani
694 1264 855 1327 iudicium
881 1265 1029 1327 universi
1046 1285 1120 1327 con·
1138 1267 1194 1329 124

74 1390 168 1432 sessu
199 1368 400 1453 gladiatorio
432 1368 637 1432 declaratum
665 1376 726 1432 est.
774 1369 856 1432 Erat
882 1369 970 1431 enim
998 1388 1121 1430 munus

74 1471 240 1555 Scipionis
272 1471 414 1556 dignum
446 1479 480 1534 et
506 1493 545 1534 eo
573 1473 646 1555 ipso
674 1480 708 1535 et
736 1472 793 1535 illo
823 1472 864 1550 Q.
892 1471 1041 1547 Metello,
1066 1471 1121 1534 cui

73 1574 224 1638 dabatur.
273 1575 313 1638 ld
336 1583 449 1639 autem
475 1577 659 1659 spectaculi
685 1598 792 1660 genus
817 1583 897 1650 erat,
916 1575 1008 1659 quod
1031 1575 1121 1638 omni

73 1676 265 1763 frequentia
281 1688 383 1763 atque
401 1681 491 1742 omni
507 1701 628 1765 genere
647 1681 819 1743 hominum
839 1679 1036 1755 celebratur,
1053 1700 1121 1764 quo
1144 1695 1174 1740 ao

74 1767 258 1847 multitudo
276 1785 418 1847 maxime
443 1782 639 1847 delectatur.
687 1784 727 1846 In
750 1784 839 1848 hunc
863 1805 1057 1849 consessum
1081 1783 1120 1846 P.

73 1883 202 1950 Sestius
220 1887 375 1950 tribunus
391 1886 447 1970 pi,
462 1909 538 1951 cum
555 1894 670 1973 ageret
686 1888 771 1951 nihil
786 1888 879 1952 aliud
896 1890 931 1953 in
948 1910 987 1954 eo
1002 1889 1121 1973 magis·

73 1997 165 2053 tratu
181 1992 246 2054 nisi
262 2012 370 2055 meam
394 2013 538 2067 causam,
556 1993 651 2056 venit
674 1999 708 2056 et
730 2014 765 2055 se
789 1993 913 2076 populo
935 1991 1029 2057 dedit
1052 2012 1121 2054 non

72 2093 210 2177 plausus
228 2094 423 2178 cupiditate,
437 2094 495 2158 sed
511 2102 550 2158 ut
566 2095 629 2178 ipsi
646 2096 772 2159 inimici
789 2097 893 2158 nostri
910 2095 1120 2159 voluntatem

72 2198 223 2260 universi
250 2182 367 2281 populi
393 2198 557 2262 viderent.
606 2199 720 2273 Venit,
739 2205 778 2261 ut
801 2199 939 2273 scitis,a
965 2199 1120 2263 columna
1142 2214 1172 2259 25

73 2300 217 2364 Maenia.
265 2301 395 2366 Tantus
420 2309 535 2366 estex
561 2302 714 2366 omnibus
742 2303 941 2387 spectaculis
969 2324 1075 2387 usque
1099 2323 1119 2366 a

73 2403 250 2489 Capitolio,
268 2413 382 2470 tantus
399 2428 440 2470 ex
458 2405 522 2468 fori
541 2406 698 2470 cancellis
724 2406 860 2490 plausus
886 2408 1061 2481 excitatus
1081 2413 1119 2470 ut

72 2530 256 2593 numquam
273 2511 377 2573 maior
393 2511 569 2574 consensio
584 2518 645 2574 aut
667 2510 813 2594 apertior
837 2511 952 2594 populi
978 2510 1118 2574 Romani

71 2614 223 2678 universi
239 2612 343 2677 inisse
360 2614 430 2677 ulla
446 2613 481 2676 in
497 2635 598 2678 causa
613 2613 791 2679 diceretur.
839 2613 906 2679 Ubi
926 2600 1025 2679 'erant
1047 2623 1120 2678 turn
1133 2610 1189 2674 125

103 2809 204 2857 10-15.
227 2810 259 2857 in
279 2811 384 2866 Bruto,
402 2810 518 2860 another
534 2815 587 2860 tra·
608 2812 642 2861 cf.
668 2812 682 2873 ξ
706 2813 728 2861 1.
755 2813 792 2874 15,
818 2812 846 2860 in
869 2811 1030 2861 connection
1053 2811 1119 2860 with

70 2885 139 2947 gedy
151 2885 180 2933 of
192 2885 293 2934 Attius.
328 2885 459 2934 Tullius:
478 2886 585 2936 Servius
608 2888 752 2936 chiasmus.
789 2887 916 2936 munus:
936 2900 979 2936 see
998 2901 1033 2935 on
1051 2886 1116 2936 Sull.
1174 2927 1176 2930 .

71 2961 185 3020 Tullius,
200 2961 247 3009 the
265 2963 338 3010 sixth
359 2963 425 3025 king
442 2963 472 3012 oi
490 2963 583 3024 Rome,
607 2962 704 3012 5419.
740 2961 908 3024 Scipionis,
927 2963 956 3010 Ρ.
978 2960 1118 3011 Cornelius

70 3037 161 3086 whose
179 3039 291 3087 comitia
314 3041 472 3088 centuriata
490 3037 527 3101 (p.
543 3039 583 3099 59,
607 3037 697 3100 Scipio
730 3038 837 3097 Nasica,
871 3037 985 3100 adopted
1021 3037 1054 3098 by
1084 3035 1116 3097 Q.

70 3111 143 3174 §30)
166 3128 221 3162 was
246 3115 293 3162 the
316 3127 416 3174 mayoc
440 3117 536 3164 charta
556 3116 585 3163 of
608 3114 731 3162 Metellus
744 3115 818 3173 Pius,
833 3129 880 3163 son
897 3114 926 3162 oi
943 3113 974 3173 Q.
995 3113 1119 3161 Metellus

70 3190 176 3238 Roman
194 3190 297 3252 liberty.
333 3189 473 3238 Miliaria:
491 3192 584 3253 givea
607 3189 775 3248 Numidicus,
799 3191 812 3252 ξ
837 3191 890 3239 101.
916 3191 954 3238 15.
999 3188 1118 3250 populo

69 3280 203 3328 synonym
219 3268 289 3315 from
302 3268 315 3327 ᾗ
328 3268 366 3316 59.
381 3268 419 3315 33.
456 3279 585 3315 revoca·
607 3265 702 3322 dedit,
715 3264 841 3314 ‘allowed
858 3266 905 3314 the
922 3264 1017 3327 people
1034 3272 1063 3312 to
1074 3277 1117 3313 see

69 3345 139 3390 tum
163 3346 224 3390 est:
249 3357 284 3391 sc.
310 3344 359 3392 hoc
384 3343 494 3392 dictum.
528 3343 585 3390 Pa·
607 3342 683 3391 him.'
727 3342 873 3391 columna
901 3341 1041 3390 Maenia:
1072 3354 1117 3389 see

68 3430 185 3475 rumne,
208 3433 236 3467 as
259 3419 287 3466 in
307 3419 377 3479 §32-
396 3420 433 3467 10.
469 3418 585 3479 perditi
607 3432 642 3467 on
660 3418 673 3479 ξ
688 3419 725 3467 18.
739 3419 763 3478 5,
776 3420 800 3475 6,
817 3424 845 3466 at
862 3418 908 3466 the
926 3418 1055 3466 southern
1072 3430 1118 3465 en·

68 3531 75 3543 .
99 3530 104 3541 .
128 3530 133 3541 .
157 3493 408 3551 criminabantur,
432 3509 495 3558 e.g.,
520 3496 586 3544 Tor·
606 3499 699 3544 mance
726 3500 755 3544 to
782 3495 830 3542 the
852 3495 949 3543 iorum.
995 3496 1117 3554 specta-

68 3576 168 3632 quatns
191 3572 270 3620 when
298 3572 471 3634 prosecuting
498 3571 584 3621 Sulla:
607 3571 693 3626 euna,
710 3583 740 3619 as
764 3571 792 3618 in
816 3571 884 3618 Mur.
906 3569 949 3617 72.
968 3571 1008 3618 26.
1042 3568 1117 3617 iori²

68 3647 104 3696 ef.
119 3647 265 3708 Suli.§21.
607 3661 649 3696 see
671 3661 707 3696 on
730 3647 799 3695 Mur.
820 3646 864 3693 72.
885 3647 924 3694 33.
960 3645 1116 3702 cancellis,

102 3721 499 3785 §124.16-2⁷.Maximum
521 3758 527 3771 .
550 3759 555 3770 .
578 3759 584 3770 .
607 3724 730 3785 marking
753 3722 792 3772 off
822 3723 869 3771 the
891 3722 992 3785 '‘ring,’
1019 3722 1116 3772 within

67 3799 215 3858 universi,
233 3800 280 3849 the
303 3799 470 3850 interiocked
494 3800 584 3849 order:
606 3799 696 3851 which
708 3798 754 3848 the
765 3797 886 3848 combats
898 3797 964 3849 took
974 3797 1058 3865 piace.
