2678 4260
149 224 213 289 192
458 237 584 288 raon.
609 236 770 288 nunnus
794 236 942 288 orario.

198 432 341 495 namque
380 410 549 485 miserari3
590 411 649 493 qui
684 410 840 493 primum,
872 400 954 473 dum
988 431 1032 475 ex
1062 409 1245 477 honoribus

199 516 367 578 continuis
385 514 531 578 familiae
551 516 782 599 maiorumque
807 534 942 579 suorum
966 514 1001 577 in
1024 513 1116 580 hunc
1135 537 1246 580 ascen·

197 618 274 682 dere
291 617 434 705 gradum
456 618 632 704 dignitatis
649 626 789 683 conatus
804 625 866 694 est
883 618 978 683 venit
993 619 1029 681 in
1044 620 1244 704 periculum,

197 745 238 788 ne
265 730 301 787 et
326 744 374 798 ea,
391 744 477 807 quae
504 724 534 786 ei
561 722 687 799 relicta,
712 731 748 787 et
771 722 862 798 haec,
880 743 966 806 quae
991 722 1127 808 abipso
1151 733 1246 810 parta

147 843 175 888 15
196 836 287 903 sunt,
318 829 459 901 amittat,
492 826 611 890 deinde
649 835 785 911 propter
814 825 965 890 studium
996 848 1103 892 novae
1134 829 1244 894 laudis

146 935 185 996 56
197 933 298 996 etiam
321 933 355 995 in
380 933 501 995 veteris
530 930 682 995 fortunae
710 931 888 995 discrimen
915 931 1102 998 adducitur.
1150 932 1244 1013 Quae

197 1057 274 1099 cum
297 1043 379 1099 sunt
401 1037 525 1121 gravia,
544 1035 679 1112 iudices,
704 1044 777 1099 turn
800 1035 886 1098 illud
909 1036 1160 1101 acerbissimum
1183 1046 1243 1114 est,

196 1139 288 1223 quod
312 1138 412 1202 habet
434 1160 489 1202 eos
506 1148 725 1215 accusatores
743 1161 810 1202 non
827 1141 885 1225 qui
902 1139 978 1203 odio
994 1142 1244 1206 inimicitiarum

196 1243 239 1307 ad
254 1243 489 1318 accusandum,
507 1243 566 1307 sed
588 1244 648 1328 qui
664 1243 777 1307 studio
793 1244 971 1308 accusandi
994 1244 1037 1308 ad
1052 1246 1244 1310 inimicitias

144 1364 174 1409 au
196 1346 440 1411 descenderint.
494 1347 579 1410 Nam
611 1355 649 1410 ut
679 1349 832 1411 omittam
862 1347 1014 1413 Servium
1044 1349 1243 1434 Sulpicium,

196 1474 296 1537 quem
327 1452 488 1538 intellego
519 1474 585 1515 non
617 1453 739 1516 iniuria
769 1452 806 1515 L.
832 1453 1002 1529 Murenae,
1026 1453 1086 1518 sed
1110 1455 1243 1521 honoris

195 1557 408 1621 contentione
448 1564 645 1641 permotum,
676 1565 812 1621 accusat
845 1566 1003 1642 paternus
1035 1560 1173 1635 amicus
1205 1559 1242 1624 Ο.

197 1661 388 1737 Postumus,
417 1669 525 1737 vetus,
553 1669 592 1725 ut
618 1662 666 1725 ait
693 1663 774 1745 ipse,
800 1663 930 1727 vicinus
957 1685 995 1727 ae
1023 1642 1241 1740 necessarius,

195 1767 254 1851 qui
277 1764 534 1830 necessitudinis
561 1787 677 1830 causas
694 1767 873 1850 compluris
891 1767 1042 1851 protulit,
1058 1768 1241 1833 simultatis

143 1887 172 1931 25
194 1870 322 1935 nullam
346 1891 601 1936 commemorare
628 1872 760 1955 potuit3
794 1879 928 1935 accusat
965 1869 1034 1935 Ser.
1059 1870 1240 1956 Sulpicius

193 1974 317 2039 sodalis
345 1975 444 2051 filius,
469 1976 565 2038 cuius
597 1975 732 2061 ingenio
763 1976 892 2058 paterni
923 1996 1037 2039 omnes
1065 1977 1241 2040 necessarii

193 2080 389 2144 munitiores
407 2101 478 2144 esse
494 2078 678 2154 debebant3
702 2087 838 2142 accusat
862 2079 908 2141 M.
934 2078 1029 2154 Cato,
1046 2079 1105 2162 qui
1129 2100 1237 2142 cuma

193 2183 336 2248 Murena
359 2184 453 2247 nulla
479 2205 513 2248 re
537 2205 696 2268 umquam
719 2183 849 2246 alienus
874 2182 950 2258 fuit,
974 2191 1046 2246 tum
1069 2204 1108 2246 ea
1130 2183 1234 2247 condi-

192 2290 286 2354 cione
310 2297 382 2354 erat
403 2291 438 2353 in
461 2290 522 2354 hac
546 2290 682 2354 civitate
707 2295 816 2363 natus,
838 2295 877 2351 ut
899 2288 971 2351 eius
995 2308 1073 2371 opes
1097 2288 1233 2374 etinge·

140 2407 170 2453 30
192 2393 285 2457 nium
315 2394 480 2479 praesidio
511 2394 637 2469 multis,
671 2393 772 2456 etiam
802 2391 1024 2466 alienissimis,
1051 2391 1157 2456 exitio
1182 2393 1234 2457 vix

221 2557 324 2615 11,12.
341 2557 513 2608 honoribus
537 2557 702 2613 continuis,
724 2556 823 2605 motive
835 2554 992 2603 considered
1004 2555 1134 2616 perfeetly
1143 2563 1234 2616 proper

191 2632 413 2695 ‘uninterrupted
426 2634 552 2683 honors:’
572 2647 616 2682 see
628 2630 640 2688 ξ
653 2634 688 2681 15.
723 2631 811 2692 hythe
822 2631 948 2680 Romans.
980 2629 1099 2692 Explain
1108 2631 1156 2679 the
1165 2631 1234 2692 geui-

221 2709 267 2757 14.
284 2723 321 2758 aa
343 2745 349 2757 .
372 2746 378 2757 .
401 2746 406 2757 .
430 2710 540 2759 relicta
554 2730 580 2747 =
588 2709 701 2769 sunnila
722 2709 784 2757 tive.

186 2789 330 2847 praetor-te
358 2789 411 2836 aud
435 2788 509 2838 locus
537 2789 698 2836 senctortus.
752 2784 798 2832 20.
816 2782 961 2833 Servium
984 2783 1170 2846 Sulpicium,
1192 2786 1237 2834 the

188 2861 266 2911 haec
283 2897 289 2911 .
306 2898 312 2910 .
329 2899 334 2910 .
352 2867 474 2924 parta,
490 2864 534 2912 his
554 2862 700 2912 lionorable
720 2860 950 2911 iurisconsultus.

189 2953 268 2988 name
277 2952 306 2988 as
315 2939 413 2989 soldier
421 2940 474 2988 and
487 2939 696 2988 administrator.
751 2936 852 2984 25-27.
871 2934 936 2984 Ser.
974 2935 1144 2998 Sulpicius,
1189 2939 1237 2987 the

220 3013 323 3070 15,16.
341 3013 462 3070 deinde,
488 3013 644 3063 correlative
672 3021 699 3063 to
719 3014 894 3072 sribscrr'ptor.
930 3011 1050 3061 sodalis
1070 3012 1162 3070 tilius,
1181 3014 1235 3074 ie,

186 3091 304 3148 priruum
327 3088 355 3150 (l.
382 3088 432 3150 11),
456 3090 505 3138 but
528 3089 701 3152 introducing
720 3089 762 3137 his
784 3089 874 3137 father
897 3089 950 3137 had
974 3088 1106 3150 belonged
1136 3094 1165 3139 to
1190 3090 1236 3139 the

188 3165 287 3227 merely
297 3179 313 3214 a
322 3165 464 3215 rhetorical
474 3166 644 3215 variationes
653 3167 700 3215 the
719 3178 792 3213 same
810 3165 947 3214 sodalitas
966 3162 1130 3226 (fraternity,
1144 3179 1237 3226 gener-

184 3244 303 3302 primum
313 3242 410 3292 clause.
430 3241 547 3291 veteris
556 3241 699 3290 fortunae
719 3241 771 3302 ally
800 3240 928 3302 political‚
958 3241 1064 3303 though
1092 3240 1236 3303 originally

188 3315 370 3365 discrimen:
388 3331 432 3366 see
444 3331 479 3366 on
491 3318 505 3379 ᾗ
517 3317 539 3366 8.
551 3319 574 3364 2.
720 3317 869 3380 religious)‚
888 3332 918 3367 as
938 3318 1063 3378 Murena,
1082 3318 1130 3366 the
1153 3332 1236 3366 mem-

219 3390 283 3448 §56.
302 3393 348 3450 18,
359 3391 407 3442 19.
425 3405 489 3441 non
501 3393 556 3454 qui
573 3429 578 3440 .
595 3429 601 3441 .
619 3429 624 3440 .
642 3393 699 3442 aad
720 3395 778 3442 bers
798 3395 827 3442 ot
849 3394 939 3443 ulrich
960 3408 1028 3443 were
1053 3394 1184 3455 expected
1207 3400 1235 3443 to

188 3470 248 3530 qui,
270 3471 317 3518 the
340 3469 446 3532 regular
468 3471 547 3519 order
566 3471 594 3518 iu
618 3471 698 3519 Latin
719 3477 831 3532 support
859 3472 926 3520 each
954 3471 1042 3532 other,
1066 3471 1121 3519 and
1150 3476 1236 3520 trans·

188 3546 275 3595 where
293 3561 332 3596 we
349 3546 447 3595 should
468 3552 564 3608 expect
581 3549 629 3608 qut
646 3562 699 3596 nou
720 3548 814 3596 mitted
827 3548 873 3595 the
885 3547 1033 3609 obligation
1047 3552 1076 3596 to
1089 3547 1161 3596 their
1169 3545 1236 3597 chil-

188 3625 327 3683 ...sech
348 3637 378 3671 so
396 3624 460 3671 with
479 3627 589 3673 utnon.
625 3622 699 3671 odio
719 3624 793 3671 dren.
829 3622 1013 3671 munitiores
1024 3635 1134 3672 esse:
1141 3625 1234 3684 potius

187 3698 425 3756 inimicitiarum,
444 3700 506 3749 ‘the
524 3701 617 3748 lratred
636 3702 699 3747 aris-
720 3700 837 3759 (tetendi.

187 3774 235 3845 ing
267 3776 338 3825 from
370 3776 494 3845 personat
527 3777 649 3845 eumity,’
683 3792 698 3831 a
751 3775 1234 3832 asso-escendentem...
