2678 4260
406 262 486 320 cnr.
513 264 598 332 12-13,
624 261 638 333 a
661 260 749 323 aar.
1092 249 1153 324 311·

98 453 181 506 xm.
207 443 263 507 Ab
278 441 519 528 Allobrogibus
536 444 745 507 nominatum
763 442 890 507 Sullam
907 466 979 509 esse
1003 445 1097 511 diois.
1114 449 1154 514 36

55 546 142 625 Quis
173 548 297 634 negat?
342 546 408 612 Sed
448 546 520 633 lege
552 546 713 612 indicium
744 561 779 612 et
810 547 896 623 vide,
929 571 1029 633 quem
1060 551 1102 614 ad

55 651 192 715 modum
216 653 406 715 nominatus
429 652 483 715 sit.
529 651 567 713 L.
596 651 748 715 Cassium
777 651 938 717 dixerunt
964 677 1103 720 comme-

56 777 199 821 morasse
216 777 292 820 cum
308 756 428 820 ceteris
446 755 653 819 Autronium
668 778 782 821 secum
799 755 918 821 facere.
957 759 1100 838 Quaero,

56 880 136 922 num
169 858 296 923 Sullam
320 858 444 922 dixerit
472 858 618 924 Cassius.
664 859 851 944 Nusquam.
898 861 976 943 Sese
1008 865 1104 927 aiunt
1140 878 1181 923 a'

56 963 227 1047 quaesisse
251 963 291 1028 de
311 963 434 1038 Cassio,
459 962 543 1047 quid
568 961 662 1027 Sulla
687 964 837 1028 sentiret.
885 965 1008 1031 Videte
1031 967 1103 1031 dili·

55 1067 205 1152 gentiam
229 1067 423 1143 Gallorum3
449 1069 508 1151 qui
540 1070 646 1133 vitam
676 1067 850 1131 hominum
881 1078 1101 1155 naturamque

56 1192 123 1234 non
139 1180 277 1236 nossent
292 1193 329 1235 ac
352 1179 484 1236 tantum
507 1171 717 1237 audivissent
740 1193 795 1235 eos
819 1174 890 1256 pari
915 1175 1102 1240 calamitate

56 1297 139 1353 esse,
165 1277 418 1361 quaesiverunt,
448 1285 602 1342 essentne
634 1275 750 1340 eadem
778 1278 963 1344 voluntate.
1010 1278 1103 1358 Quid

57 1387 130 1443 tum
155 1380 317 1444 Cassius?
365 1379 400 1444 Si
422 1381 647 1466 respondisset
671 1381 760 1445 idem
783 1385 908 1448 sentire
932 1392 967 1448 et
991 1406 1104 1449 secum
1128 1402 1156 1446 io

57 1482 165 1547 faeere
191 1483 329 1559 Sullam,
356 1491 467 1549 tamen
492 1485 572 1547 mihi
597 1507 663 1549 non
690 1486 861 1552 videretur
893 1489 925 1551 in
953 1488 1043 1551 hunc
1068 1488 1102 1552 id

56 1587 271 1651 criminosum
298 1609 369 1652 esse
401 1588 530 1653 debere.
577 1587 669 1667 Quid
708 1591 779 1655 ita?
828 1590 926 1670 Quia,
951 1593 1010 1677 qui
1034 1593 1103 1657 bar-

58 1691 153 1755 baros
184 1691 333 1756 homines
375 1691 418 1756 ad
456 1693 583 1758 bellum
621 1694 817 1778 impelleret,
857 1718 922 1759 non
961 1696 1104 1761 debebat

58 1797 207 1861 minuere
236 1797 370 1860 illorum
399 1798 622 1882 suspicionem
651 1805 687 1862 et
712 1821 854 1885 purgare
871 1822 938 1876 eos,
967 1800 1007 1864 de
1031 1802 1104 1885 qui-

58 1900 120 1964 bus
152 1901 200 1964 illi
227 1900 356 1986 aliquid
378 1903 541 1987 suspicari
565 1901 770 1966 viderentur.
829 1904 903 1968 Non
929 1905 1155 1988 respouditll'l

57 2013 168 2069 tamen
201 2027 267 2069 una
299 2005 406 2070 facere
444 2005 582 2070 Sullam.
630 2005 766 2070 Etenim
797 2016 885 2072 esset
910 2008 1102 2085 absurdum,
1128 2024 1156 2068 io

57 2131 135 2173 cum
158 2117 285 2174 eeteros
305 2131 366 2174 sua
388 2117 507 2195 sponte
532 2111 745 2186 nominasset,
764 2112 968 2176 mentionem
994 2110 1102 2177 faeere

58 2207 172 2274 Sullae
201 2210 327 2274 nullam
359 2211 423 2274 nisi
454 2210 662 2274 admonitum
693 2218 727 2276 et
751 2212 1013 2298 interrogatum3
1038 2213 1103 2276 nisi

58 2312 145 2378 forte
176 2316 247 2378 veri
277 2315 385 2380 simile
423 2322 476 2379 est
507 2314 544 2377 Ρ.
577 2313 690 2378 Sullae
730 2335 850 2378 nomen
882 2317 915 2377 in
949 2317 1104 2380 memoria

59 2417 175 2482 Cassio
207 2440 273 2483 non
306 2419 420 2485 fuisse.
467 2418 502 2483 Si
534 2418 690 2483 nobilitas
722 2419 874 2495 hominis,
906 2420 934 2483 si
972 2419 1106 2484 adflicta
1128 2435 1158 2480 20

91 2587 156 2649 §aa
176 2586 237 2634 1-5.
255 2587 307 2634 Ab
340 2586 571 2650 Allobrogibus.
596 2588 690 2638 Cicero
709 2589 765 2638 first
783 2590 871 2639 shows
891 2590 951 2637 that
971 2588 1038 2638 little
1059 2590 1107 2637 im-

58 2665 88 2714 P.
102 2664 143 2726 34,
157 2664 186 2725 ἓξ
198 2665 237 2723 58,
251 2665 290 2714 59.
325 2663 392 2724 lege
408 2663 572 2723 indicium:
595 2670 723 2725 portance
739 2665 823 2726 ought
841 2670 868 2713 to
886 2665 918 2713 be
935 2664 1060 2713 attached
1078 2671 1107 2714 to

58 2754 102 2790 see
120 2754 155 2788 on
175 2740 226 2789 111.
246 2738 291 2786 11.
306 2738 345 2787 24.
381 2738 411 2786 1..
424 2737 571 2796 Cassium.
594 2740 726 2802 anything
749 2741 806 2789 said
832 2741 939 2802 against
968 2739 1043 2790 Sulla
1072 2741 1107 2802 by
1195 2719 1208 2744 ‘

58 2832 83 2879 p.
97 2818 138 2876 32,
156 2813 169 2870 l
186 2818 218 2865 54
235 2817 289 2866 and
313 2821 377 2866 note
396 2830 433 2865 on
454 2817 506 2865 111.
526 2814 571 2863 14.
595 2816 712 2878 Cassiae,
737 2817 967 2884 whileworking
996 2831 1031 2866 on
1061 2816 1107 2866 tire

59 2894 97 2943 18.
133 2904 204 2941 oum
218 2893 339 2950 ceteris,
351 2892 399 2941 the
416 2893 571 2955 prominent
594 2892 685 2942 Gauls.

57 2983 121 3018 men
140 2970 229 3018 whose
251 2984 344 3019 names
367 2971 401 3019 he
424 2968 477 3017 had
498 2983 571 3016 men·
625 2969 689 3029 §aa
709 2968 810 3018 16-20.
828 2982 889 3017 una
928 2969 1062 3018 iacere
1078 2992 1103 3018 =

58 3044 160 3094 tioned.
195 3058 309 3102 seeum,
322 3045 368 3094 the
380 3046 569 3106 conspinacis,
593 3045 791 3104 secumsoccre‚
802 3047 862 3107 §3st
877 3048 913 3105 io,
923 3047 946 3094 4.
976 3044 1105 3102 Etenim,

58 3121 128 3170 rank
150 3122 203 3170 and
221 3122 275 3182 rile;
299 3121 407 3171 Cassius
430 3121 483 3169 had
501 3120 571 3170 said:
597 3119 663 3170 ‘and
677 3122 790 3171 indeed)
826 3122 887 3170 nisi
905 3121 1106 3178 admonitum,

60 3199 127 3249 Oura
148 3201 244 3250 ceteris
264 3199 417 3249 Autronius
436 3199 571 3249 nobiscum
594 3203 659 3247 etc:
676 3211 720 3247 see
736 3213 772 3248 cn
790 3198 841 3248 IV.
859 3196 903 3246 23.
916 3200 944 3259 9;
962 3198 1008 3246 the
1026 3198 1107 3259 parti-

60 3276 145 3337 sucit.
180 3276 356 3337 Nusquam:
385 3289 429 3324 sce
446 3289 482 3324 on
500 3277 512 3335 §
530 3275 569 3324 34.
594 3273 676 3336 ciples
689 3288 766 3337 agree
779 3274 845 3323 with
863 3275 909 3323 the
927 3273 1107 3335 unexpressed

61 3355 99 3413 12,
128 3352 181 3401 and
211 3351 258 3401 teil
286 3352 359 3401 what
390 3351 515 3414 question
551 3352 573 3400 it
595 3351 699 3412 subject
727 3349 755 3398 oi
775 3349 881 3409 jacere.
926 3349 987 3398 nisi
1012 3349 1106 3398 forto:

59 3442 177 3477 answers
189 3429 261 3478 here.
595 3440 638 3476 see
656 3440 692 3474 on
712 3425 760 3475 IV.
782 3424 826 3472 21.
844 3425 887 3487 243
908 3425 954 3473 the
974 3430 1028 3474 two
1047 3439 1107 3475 uses

91 3502 172 3552 6-10.
191 3504 390 3566 diligentium,
415 3503 574 3553 ‘circum
595 3502 624 3551 oi
652 3503 705 3550 taisi
733 3515 778 3550 are
809 3500 997 3564 nnpleasantiy
1026 3501 1104 3550 close.

58 3579 201 3642 spection’
237 3581 405 3642 quizoum
423 3581 453 3639 ii,
469 3594 498 3628 so
515 3578 573 3629 also
596 3576 734 3626 Sullae
768 3589 888 3633 nomen,
924 3577 966 3625 tor
1003 3576 1107 3626 Sullam

59 3657 88 3706 in
116 3655 134 3706 l.
161 3658 198 3705 12.
244 3668 293 3704 ao:
322 3657 355 3705 ei.
387 3660 421 3718 et,
447 3657 461 3718 ἕ
484 3657 523 3705 21.
548 3656 571 3705 3.
597 3668 709 3704 nomen:
729 3653 763 3702 oi.
784 3654 854 3702 Mur.
876 3651 965 3723 6⁷52,
987 3653 1041 3701 and
1062 3666 1107 3701 ex-

61 3730 239 3780 casslus:
262 3747 297 3782 sc.
323 3733 470 3793 respondit.
515 3731 574 3781 The
597 3730 670 3793 plain
684 3731 732 3779 the
748 3729 874 3793 genitive.
909 3729 941 3776 in
958 3727 1107 3777 memoria

59 3821 166 3858 answer
177 3809 199 3858 is
211 3814 258 3859 not
274 3808 355 3873 given
370 3806 440 3858 until
453 3808 467 3872 5
479 3806 518 3858 38.
532 3806 573 3858 33.
597 3806 712 3867 cassio,
721 3810 784 3870 eto,
797 3805 875 3856 ‘that
883 3802 992 3856 Cassius
1003 3803 1050 3854 did
1058 3808 1106 3855 not
