2678 4260
431 273 511 326 cnr.
537 275 625 337 acar,
650 274 663 338 ς
685 274 772 328 Μ.
1116 254 1184 326 469

78 457 206 517 statum
222 450 397 536 otiumque
414 451 564 516 odissent
576 459 609 516 et
622 451 664 515 ob
677 451 774 516 hasce
791 469 908 516 causas
925 457 979 516 tot
995 458 1131 536 tamque
1153 468 1183 514 25

78 557 188 621 varias
211 579 262 620 me
288 578 394 619 unum
418 555 646 640 deposcerent,
663 555 892 642 depugnarem
914 556 1027 640 potius
1050 578 1127 621 cum

79 683 210 724 summo
228 682 295 724 non
323 659 430 724 dicam
457 660 571 736 exitio,
588 659 648 724 sed
670 661 819 744 periculo
843 666 933 725 certe
957 666 1070 725 vestro
1093 661 1131 724 li-

79 765 302 848 berorumque
320 771 508 829 vestrorum
526 785 626 848 quam
643 763 688 840 id,
700 763 791 849 quod
805 762 960 828 omnibus
972 763 1130 848 inpende-

80 868 147 944 bat,
164 889 252 932 unus
268 889 328 952 pro
344 868 499 932 omnibus
515 869 720 952 susciperem
736 889 774 932 ac
791 867 962 932 subirem?

100 1008 103 1013 ·
123 989 202 1034 xxi.
236 971 350 1036 ‘Victi
374 980 486 1036 essent
509 971 672 1056 improbi.’
718 972 769 1035 At
783 972 883 1048 cives,
900 978 936 1035 at
951 970 992 1035 ab
1008 993 1047 1036 eo
1066 972 1181 1057 pri-4?

79 1085 158 1141 vato
174 1083 311 1152 armatu,
328 1077 387 1160 qui
404 1077 476 1140 sine
493 1077 593 1139 armis
609 1076 710 1139 etiam
726 1076 845 1140 consul
866 1097 935 1140 rem
959 1075 1128 1159 publicam

80 1187 301 1245 conservarat.
348 1179 407 1243 Sin
432 1180 513 1244 victi
541 1187 655 1243 essent
684 1178 772 1255 boni,
798 1180 856 1263 qui
887 1179 1129 1263 superessent?

80 1305 191 1348 nonne
208 1283 251 1347 ad
267 1270 379 1348 servos
397 1281 519 1347 videtis
536 1305 606 1348 rem
623 1283 790 1367 pubiicum
804 1290 981 1347 venturam
998 1281 1127 1346 fuisse?

80 1389 138 1451 An
155 1388 235 1451 mihi
251 1388 324 1471 ipsi,
342 1394 382 1451 ut
398 1386 534 1471 quidam
552 1394 684 1472 putant,
702 1385 770 1450 fuit
785 1409 873 1450 mors
889 1408 997 1470 aequo
1019 1387 1130 1450 animo
1166 1402 1182 1448 a

81 1490 293 1576 oppetenda?
349 1490 442 1570 Quid
469 1491 565 1554 tum?
603 1498 787 1555 mortemne
820 1488 1015 1576 fugiebam?
1071 1489 1128 1553 An

82 1603 154 1659 erat
169 1617 220 1659 res
238 1596 318 1670 ulla,
335 1615 437 1679 quam
454 1595 535 1658 mihi
553 1596 659 1680 magis
676 1593 857 1679 optandam
874 1594 1052 1678 putarem?
1070 1600 1130 1658 aut

81 1721 144 1784 ego
168 1700 242 1761 illas
266 1720 317 1763 res
341 1705 453 1762 tantas
477 1699 512 1761 in
538 1705 632 1762 tanta
656 1698 883 1782 improborum
908 1697 1128 1762 multitudine

80 1824 157 1866 cum
184 1803 348 1888 gerebam,
366 1823 433 1866 non
461 1802 542 1864 mihi
568 1823 668 1878 mors,
685 1824 752 1866 non
779 1802 919 1866 exilium
948 1800 991 1865 ob
1013 1802 1129 1866 oculos

81 1907 301 1971 versabatur?
325 1927 392 1969 non
409 1906 490 1970 haec
506 1904 653 1990 denique
670 1927 689 1969 a
704 1927 757 1970 me
774 1912 847 1968 tum
873 1912 1044 1989 tamquam
1060 1903 1132 1970 fata
1154 1919 1183 1966 ιο

80 2013 117 2073 in
132 2012 205 2094 ipsa
221 2032 254 2074 re
271 2008 417 2095 gerenda
432 2009 662 2072 canebantur?
706 2009 764 2073 An
781 2017 852 2073 orat
869 2010 950 2072 mihi
975 2010 1010 2072 in
1034 2015 1129 2073 tanto

80 2116 178 2179 luctu
193 2136 352 2189 meorum,
369 2121 464 2178 tanta
480 2114 700 2191 diiunctione,
719 2120 813 2178 tanta
829 2113 1018 2189 acerbitate,
1035 2121 1131 2179 tauta

80 2219 278 2302 spoliatione
305 2219 453 2282 omnium
479 2240 601 2295 rerum,
622 2240 705 2303 quas
732 2218 812 2281 mihi
838 2225 899 2282 aut
926 2222 1046 2281 natura
1071 2223 1131 2281 aut

81 2322 219 2386 fortuna
244 2320 392 2398 dederat,
410 2323 481 2386 vita
504 2322 703 2387 retinenda?
728 2330 796 2386 tam
823 2343 912 2386 eram
939 2320 1042 2396 rudis,
1059 2328 1128 2385 tam

80 2429 218 2512 ignarus
246 2448 367 2502 rerum,
386 2434 453 2490 tam
479 2448 599 2510 expers
625 2427 757 2491 consilii
783 2434 843 2490 aut
868 2425 1021 2512 ingenii?
1045 2425 1131 2488 nihil
1154 2441 1183 2486 15
1208 2481 1211 2487 .

80 2529 261 2606 audieram,
279 2530 365 2592 nihil
380 2529 540 2607 videram,
558 2530 643 2593 nihil
660 2531 730 2615 ipse
754 2529 899 2616 legendo
923 2529 1127 2614 quaerendo

1025 2669 1132 2678 —-—-

114 2735 216 2784 25-29.
235 2738 360 2791 statum.
383 2749 413 2784 as
436 2736 463 2784 in
488 2737 501 2797 5
525 2736 547 2785 1.
572 2737 595 2784 5.
619 2739 692 2785 note.
716 2734 1133 2784 venturamfuisse:for10rm

81 2812 239 2862 odissent:
256 2811 363 2874 whypl.
378 2812 597 2873 perf.whenane
620 2824 663 2860 see
684 2824 720 2860 on
740 2810 806 2860 Sull.
832 2810 876 2858 22.
899 2811 939 2859 21.
974 2822 1037 2859 non
1057 2808 1133 2857 mihi

80 2886 191 2949 parallel
202 2888 279 2936 verbs
289 2901 334 2936 are
347 2887 525 2950 imperfects?
548 2889 597 2937 See
619 2897 717 2934 mors:
735 2886 778 2934 for
790 2900 843 2936 non
858 2908 883 2934 =
894 2899 981 2935 nonne
993 2899 1036 2934 see
1048 2898 1083 2933 on
1094 2885 1131 2935 11.

81 2979 117 3012 on
142 2964 162 3012 Ι.
182 2962 228 3011 13.
247 2965 270 3012 5.
307 2966 370 3012 tot:
389 2964 452 3026 why
468 2968 517 3013 not
540 2966 596 3013 tum
619 2961 665 3010 19.
687 2961 724 3013 17.
759 2974 850 3019 mors,
870 2961 1005 3015 exilium.
1025 2960 1132 3010 natural

79 3039 205 3088 inultus?
233 3038 392 3099 See0n§8.
408 3038 447 3088 31.
484 3039 597 3100 depug·
620 3037 851 3087 andclvildeath.
883 3035 1132 3098 tamquamfata:

80 3127 193 3171 narem,
217 3115 356 3177 hortatory
379 3129 409 3163 or
425 3115 598 3164 dubitative?
620 3113 857 3164 seeonIII.19.
878 3114 917 3162 25.
953 3114 985 3160 in
1008 3113 1077 3174 ipsa
1099 3124 1132 3162 re

80 3192 130 3240 See
142 3206 177 3239 on
190 3191 203 3251 ς
216 3192 255 3240 45.
274 3193 296 3240 2.
332 3203 395 3240 non
413 3190 522 3248 dicam,
538 3205 598 3253 pre·
620 3190 766 3252 gerenda:
781 3189 825 3239 ‘at
837 3191 884 3239 the
896 3203 960 3252 very
972 3188 1134 3238 momentus

80 3267 162 3329 cisely
185 3267 341 3329 equivalent
369 3274 398 3317 to
426 3282 480 3317 non
508 3269 596 3328 modo,
619 3266 729 3316 action)
764 3266 969 3315 canebantur:
988 3265 1134 3314 lormean·

81 3344 94 3403 ᾗ
108 3344 147 3390 45.
162 3342 200 3390 14.
235 3343 434 3404 susciperem,
447 3342 596 3391 subirem:
620 3345 666 3406 ing
677 3357 721 3392 see
733 3357 767 3391 on
781 3343 834 3392 III.
848 3342 894 3391 18.
908 3343 950 3402 123
967 3342 1010 3390 for
1019 3341 1065 3390 the
1077 3342 1145 3404 fact¹

80 3418 124 3466 for
136 3416 216 3466 mood
228 3417 262 3466 cf.
278 3419 450 3478 adducerem,
465 3419 530 3478 §lb
546 3419 583 3467 15.
620 3417 653 3466 cf.
673 3432 723 3480 eg.
744 3417 766 3466 Ι.
786 3417 831 3465 22.
850 3417 865 3465 4
887 3416 912 3477 f;
929 3416 981 3465 III.
996 3416 1041 3464 28.
1056 3417 1086 3465 18
1107 3416 1132 3478 13

619 3490 986 3552 1V.1.af;³.ef;20.5f.

113 3569 178 3630 §lt
198 3568 279 3616 1-11.
304 3567 407 3616 ‘Victi
434 3567 595 3630 improbi:'
650 3565 1134 3625 13,14.natura,fortuna:tothe

79 3644 124 3692 for
135 3644 182 3692 the
194 3643 293 3704 quoted
312 3642 399 3692 words
411 3656 455 3691 see
471 3657 506 3692 on
524 3641 537 3699 ἕ
554 3644 594 3692 43.
618 3643 720 3692 former
741 3642 777 3691 be
805 3642 879 3691 owed
905 3641 948 3690 his
975 3640 1080 3703 family,
1104 3645 1134 3689 to

82 3721 119 3769 17.
156 3719 258 3766 cives:
279 3731 315 3767 sc.
335 3719 400 3767 victi
424 3720 520 3767 essent.
556 3719 595 3767 ad
619 3719 665 3767 the
686 3718 766 3766 latter
783 3717 826 3766 his
844 3717 963 3779 position
981 3716 1035 3766 aud
1053 3728 1135 3780 prop-

80 3805 198 3852 servos,
212 3798 277 3843 etc:
302 3793 337 3843 cf.
356 3793 395 3843 II.
415 3792 461 3842 19.
483 3795 522 3856 18,
541 3794 595 3843 and
618 3800 685 3860 crty.
