2678 4260
185 256 250 327 182
537 267 609 324 cao
632 267 663 324 t.
688 267 847 324 uesani
870 266 1018 324 caino.

237 449 441 534 cogita,110n
465 446 634 509 nullorum
658 446 838 509 amicorum
863 444 975 510 studia
996 445 1102 508 minui
1122 444 1230 510 solere
1252 442 1286 508 in

237 575 303 628 eos
320 551 472 636 aquibus
488 551 677 635 provincias
693 551 863 614 contemni
880 549 1089 635 intellegant.

186 660 225 721 43
281 674 360 718 xxi.
393 656 438 719 Et
461 656 617 739 quoniam
636 653 779 729 ostendi,
802 653 940 728 iudiceS,
958 675 1067 738 parem
1084 653 1285 740 dignitatem

237 760 280 824 ad
295 759 487 824 consulatus
504 760 712 843 petitionem,
730 757 894 842 disparem
918 757 1088 822 fortunam
1104 758 1288 842 provincia·

238 866 320 928 lium
349 865 557 950 negotiorum
584 864 617 926 in
645 862 788 926 Murena
812 870 914 946 atque
936 863 971 924 iu
998 861 1147 946 Sulpicio
1170 861 1285 936 fuisse,

238 969 344 1032 dicam
362 970 426 1031 iam
444 968 601 1052 apertius,
618 968 653 1031 in
670 987 848 1051 quomens
865 967 1069 1030 necessarius
1084 965 1191 1030 fuerit
1205 963 1287 1028 infe

201 1091 215 1133 5
238 1074 312 1148 rior,
330 1072 477 1146 Servius,
494 1081 528 1135 et
543 1092 582 1135 ea
597 1070 705 1134 dicam
721 1070 816 1135 vobis
839 1069 1053 1134 audientibus
1075 1065 1198 1134 amisso
1220 1070 1284 1132 iam

240 1186 397 1260 tempore,
415 1197 500 1260 quae
524 1176 588 1259 ipsi
612 1175 674 1239 soli
699 1197 734 1239 re
758 1176 891 1262 integra
914 1197 1011 1259 saepe
1027 1170 1118 1237 dixi.
1165 1173 1285 1238 Petere

238 1281 450 1345 consulatum
476 1281 601 1344 nescire
627 1287 671 1355 te,
689 1279 795 1354 Servi,
812 1300 968 1364 persaepe
995 1278 1056 1343 tibi
1078 1277 1168 1353 dixi3
1193 1279 1285 1342 etin

238 1386 278 1449 iis
303 1383 403 1448 rebus'
427 1385 516 1468 ipsis,
535 1405 618 1467 quas
645 1391 677 1448 te
702 1405 822 1470 magno
849 1391 884 1448 et
899 1383 977 1446 forti
1003 1383 1113 1446 animo
1138 1389 1284 1468 etegere

239 1497 274 1553 et
303 1488 412 1552 dicere
438 1487 601 1575 videbam,
628 1487 689 1551 tibi
720 1488 839 1552 solitus
871 1509 944 1551 sum
977 1486 1087 1551 dicere
1119 1487 1225 1573 magis
1251 1493 1283 1550 te

189 1609 216 1653 rc
239 1591 357 1656 fortem
382 1597 606 1656 accusatorem
634 1591 715 1654 mihi
742 1591 846 1656 videri
874 1613 974 1675 quam
1003 1592 1187 1675 sapientem
1212 1611 1285 1655 cau-

238 1696 400 1760 didatum.
447 1696 595 1761 Primum
614 1695 792 1760 accusandi
818 1703 957 1759 terrores
975 1703 1010 1759 et
1026 1696 1144 1772 minae,
1161 1693 1283 1784 quibus

204 1839 208 1845 ·
239 1809 277 1864 tu
308 1800 430 1865 cotidie
463 1801 513 1863 uti
544 1799 682 1875 solebas,
708 1808 790 1863 sunt
815 1799 911 1863 fortis
930 1800 1002 1875 viri,
1028 1798 1087 1863 sed
1110 1806 1145 1863 et
1167 1797 1283 1883 populi

239 1906 429 1990 opinionem
464 1925 483 1967 a
514 1925 573 1988 spe
605 1903 810 1988 adipiscendi
849 1911 1009 1968 avertunt
1039 1911 1073 1967 et
1102 1902 1282 1966 amicorum

238 2008 351 2073 studia
381 2008 568 2073 debilitant.
630 2008 750 2073 Nescio
782 2032 849 2094 quo
880 2018 977 2094 pacto
1007 2029 1137 2092 semper
1159 2006 1222 2071 hoc
1246 2005 1285 2069 iit

189 2130 216 2174 15
241 2115 369 2198 (neque
395 2114 427 2175 iu
455 2134 522 2176 uno
549 2122 609 2176 aut
632 2113 737 2177 altero
763 2113 1033 2178 animadversum
1058 2119 1119 2187 est,
1136 2110 1196 2176 sed
1218 2111 1282 2174 iam
1313 2110 1324 2120 “’

238 2221 273 2282 in
311 2219 493 2304 pluribus),
525 2220 627 2283 simul
664 2228 766 2305 atque
805 2220 1003 2284 candidatus
1038 2218 1282 2284 accusationem

239 2324 391 2389 meditari
424 2325 514 2389 visus
546 2333 605 2400 est,
639 2334 677 2388 ut
706 2324 865 2388 honorem
896 2324 1087 2410 desperasse
1118 2321 1283 2388 videatur.

187 2427 331 2507 44Quid
356 2429 458 2515 ergo?
488 2435 657 2513 acceptam
686 2429 841 2492 iniuriam
865 2431 1021 2514 persequi
1047 2449 1113 2492 non
1142 2424 1282 2512 placet?

240 2533 346 2595 Immo
365 2533 577 2598 vehementer
588 2533 717 2617 placet3
741 2532 800 2597 sed
816 2533 908 2597 aliud
925 2542 1057 2618 tempus
1069 2540 1120 2598 est
1135 2528 1280 2616 petendi,

187 2657 216 2702 ao
238 2636 330 2714 aliud
355 2637 586 2723 persequendi.
634 2636 817 2701 Petitorem
843 2658 915 2724 ego,
941 2637 1134 2722 praesertim
1167 2655 1283 2700 consu-

238 2741 337 2816 latus,
363 2762 484 2828 magna
508 2763 576 2826 spe,
603 2761 725 2827 magno
756 2741 875 2817 animo,
902 2742 1031 2829 magnis
1062 2741 1165 2825 copiis
1191 2739 1283 2803 etin

270 2888 316 2936 2⁷.
334 2900 397 2936 non
426 2887 588 2944 nullorum,
613 2886 871 2950 especiallylplaints
880 2889 908 2936 in
921 2889 967 2937 the
976 2893 1069 2938 senate
1078 2889 1161 2936 about
1170 2886 1284 2936 electlon

239 2965 315 3013 those
328 2965 388 3013 who
400 2964 454 3013 had
465 2964 554 3026 hoped
566 2965 609 3012 ior
620 2964 751 3026 positione
772 2965 911 3026 intrigues,
924 2965 977 3014 and
992 2966 1035 3013 his
1051 2964 1238 3027 preparatione
1255 2969 1283 3011 to

239 3041 325 3090 under
335 3041 392 3088 him
406 3042 433 3089 in
446 3040 488 3090 his
500 3041 635 3103 province,
644 3040 751 3102 -posi
773 3041 895 3103 impeach
908 3041 950 3089 his
963 3039 1108 3090 successful
1122 3039 1210 3088 rivals.

238 3119 311 3167 tions
328 3117 433 3179 usually
450 3131 513 3179 very
525 3116 671 3178 profitabie.
707 3115 749 3165 Oi.
803 3116 848 3164 13.
867 3116 1044 3178 opinionem
1062 3153 1068 3164 .
1084 3151 1090 3164 .
1108 3151 1113 3164 .
1130 3117 1284 3170 avertunt

239 3209 265 3256 p.
280 3195 317 3254 19,
333 3194 362 3254 §5
376 3195 412 3242 19.
427 3194 471 3255 20;
488 3208 513 3255 p.
528 3193 568 3254 69,
582 3193 611 3253 ἓξ
624 3191 664 3253 74,
679 3191 717 3243 75.
772 3195 826 3254 i.e.,
841 3195 904 3256 they
915 3194 978 3243 take
990 3194 1061 3243 from
1074 3193 1119 3242 the
1131 3192 1226 3254 people
1238 3192 1284 3240 the

773 3271 832 3319 idea
844 3271 905 3318 that
916 3272 963 3319 the
974 3284 1026 3321 one
1038 3271 1100 3318 who
1111 3269 1204 3318 makes
1218 3267 1285 3317 such

271 3346 336 3406 §zi-3.
355 3347 381 3395 2.
398 3344 643 3407 provincialium.
659 3345 688 3394 in
706 3345 752 3394 the
773 3347 875 3396 threats
892 3347 941 3396 has
958 3359 1012 3409 any
1029 3347 1100 3408 hope
1117 3345 1146 3394 oi
1163 3344 1206 3394 his
1222 3357 1284 3394 own

240 3436 316 3471 sense
327 3423 356 3471 of
365 3423 508 3484 provincio
520 3423 533 3482 5
546 3422 584 3470 41.
599 3420 622 3472 i.
772 3423 894 3473 election.

272 3498 298 3546 6.
314 3499 483 3558 reintegra,
497 3497 681 3558 ‘undecided,’
696 3498 750 3555 i.e.‚
803 3500 849 3547 17.
866 3503 902 3547 ut
918 3535 924 3548 .
941 3536 947 3547 .
965 3535 971 3547 .
987 3499 1140 3556 videatur,
1159 3498 1187 3546 in
1203 3510 1285 3560 appo-

241 3574 321 3623 while
337 3574 471 3636 Sulpicius
488 3575 577 3637 might
593 3574 663 3622 have
681 3574 752 3635 prof·
772 3576 853 3625 sitien
865 3576 931 3624 with
943 3577 1002 3637 hoc,
1016 3575 1033 3625 l.
1048 3577 1086 3625 14.

242 3651 295 3699 ited
313 3651 341 3699 in
358 3651 401 3699 his
421 3664 534 3699 oanvass
551 3651 586 3712 by
603 3651 650 3698 the
667 3663 753 3698 warn·
803 3652 874 3712 544.
894 3652 939 3700 21.
958 3651 1066 3713 oopus,
1089 3650 1153 3701 used
1181 3649 1212 3700 oi
1239 3649 1285 3699 the

241 3729 295 3791 ing.
772 3728 873 3777 crowds
893 3729 922 3777 of
943 3728 1046 3777 friends
1066 3727 1128 3778 who
1145 3738 1285 3789 accompa-

272 3804 299 3856 8.
315 3805 354 3854 lis
365 3805 459 3856 rebus
476 3806 559 3856 refers
577 3810 605 3854 to
621 3805 664 3854 his
682 3818 753 3854 com-
772 3804 835 3853 nied
847 3805 893 3854 the
904 3804 1071 3855 candidates.
