2678 4260
407 285 487 338 cnr.
511 287 598 349 rc-ar,
624 287 637 349 i
660 285 747 339 raro.
1090 275 1154 340 339

55 461 135 525 tatis
151 461 241 525 enim
253 466 287 524 et
299 458 475 546 dignitatis
488 457 641 523 habuisse
655 458 754 522 nimis
767 479 921 544 magnam
935 458 1100 537 iudicatus

56 571 108 629 est
119 564 356 648 cupiditatem3
381 563 521 647 quamsi
533 583 630 627 nemo
642 563 727 628 alius
743 563 861 627 habuit
873 563 907 626 iu
924 564 1101 628 consulatu

56 667 212 752 petendo,
229 666 383 752 cupidior
398 666 566 731 iudicatus
580 674 631 732 est
646 667 699 731 hic
724 666 828 732 fuisse
855 688 955 751 quam
980 671 1100 743 ceteri;

55 773 109 836 sin
125 773 224 836 etiam
241 773 273 834 in
291 772 365 836 aliis
388 793 455 835 non
479 772 581 836 nullis
606 770 674 835 luit
696 773 759 837 iste
783 771 978 836 consulatus
1003 794 1102 847 amor,
1127 791 1156 836 30

58 874 194 940 fortuna
217 877 252 938 in
275 875 338 940 hoc
362 875 430 940 fuit
456 875 594 940 fortasse
622 876 756 961 gravior
783 897 884 961 quarn
911 877 945 938 in
973 879 1100 941 ceteris.

56 980 178 1046 Postea
195 1002 272 1046 vero
289 980 365 1066 quis
389 980 427 1043 P.
452 978 581 1044 Sullam
604 981 669 1044 nisi
693 989 904 1057 maerentem,
921 979 1102 1046 demissum
1116 985 1155 1049 74

56 1084 286 1171 afflictumque
319 1083 415 1162 vidit,
442 1085 518 1169 quis
542 1106 702 1168 umquam
725 1091 777 1149 est
801 1086 991 1169 suspicatus
1014 1086 1101 1150 hunc

57 1191 162 1277 magis
179 1189 255 1254 odio
272 1210 374 1274 quam
389 1188 515 1274 pudore
534 1189 706 1252 hominum
729 1197 901 1273 aspectum
926 1190 1101 1275 lucemque

57 1294 190 1360 vitare?
236 1293 397 1373 Quicum
419 1294 526 1357 multa
548 1292 685 1358 haberet
709 1294 929 1358 invitamenta
954 1294 1044 1358 urbis
1070 1303 1105 1359 et
1127 1312 1155 1357 35

56 1397 121 1462 fori
144 1407 279 1484 propter
305 1419 435 1463 summa
461 1396 574 1462 studia
600 1398 791 1473 amicorum,
816 1418 901 1482 quae
929 1405 1040 1462 tamen
1071 1401 1102 1463 ei

55 1505 128 1568 sola
158 1504 191 1567 iu
223 1503 318 1567 malis
350 1502 555 1579 restiterunt,
587 1501 676 1566 afuit
704 1501 746 1567 ab
767 1503 874 1567 oculis
906 1504 1025 1568 vestris
1057 1511 1101 1579 et,

56 1630 133 1673 cum
163 1609 237 1694 lege
270 1608 478 1683 retineretur,
511 1608 581 1691 ipse
612 1629 647 1671 se
678 1607 779 1671 exilio
807 1628 911 1691 paene
934 1608 1100 1672 multavit.

56 1729 177 1776 xxvii.
209 1711 250 1775 In
268 1712 329 1776 hoc
347 1733 405 1776 vos
422 1710 559 1796 pudore,
577 1710 713 1788 iudices
731 1711 816 1775 etin
839 1711 900 1776 hac
914 1712 984 1776 vita
1007 1720 1102 1776 tanto

55 1812 173 1877 sceleri
203 1812 314 1876 locum
346 1810 450 1876 fuisse
482 1810 643 1876 creditis?
688 1811 841 1897 Aspicite
877 1813 996 1896 ipsum,
1028 1834 1103 1878 con-

56 1917 198 1981 tuemini
223 1938 269 1993 os,
292 1914 443 1980 conferte
468 1916 592 1980 crimen
616 1937 693 1980 cum
717 1916 796 1992 vita,
814 1917 917 1981 vitam
940 1916 982 1982 ab
1006 1917 1101 1981 initio

57 2042 163 2105 usque
191 2019 234 2084 ad
257 2020 318 2084 hoc
351 2028 482 2105 tempus
506 2020 707 2105 explicatam
730 2042 807 2084 cunr
833 2021 968 2086 crimine
994 2042 1105 2107 recog·
1140 2039 1154 2083 4

57 2126 195 2190 noscite.
242 2124 345 2189 Mitto
361 2145 430 2189 rem
446 2124 623 2209 publicam,
641 2147 726 2210 quae
746 2124 814 2189 fuit
836 2146 967 2209 semper
989 2123 1102 2190 Sullae
1116 2129 1154 2192 75

56 2230 244 2304 carissima3
270 2230 379 2294 ‘hosne
403 2230 535 2304 amicos,
554 2229 638 2293 tales
664 2230 762 2306 viros,
784 2237 851 2293 tam
875 2228 1014 2314 cupidos
1037 2232 1100 2305 sui,

57 2356 115 2420 per
127 2356 210 2418 quos
224 2355 274 2399 res
288 2335 359 2398 eius
374 2333 539 2398 secundae
557 2332 726 2417 quondam
741 2341 836 2398 erant
851 2341 997 2409 ornatae,
1012 2356 1100 2399 nunc

55 2438 278 2503 sublevantur
289 2436 460 2514 adversae,
474 2437 702 2502 crudelissime
715 2439 820 2522 perire
837 2439 955 2513 voluit,
970 2446 1010 2502 ut
1025 2460 1101 2502 cum

56 2542 202 2607 Lentulo
224 2550 258 2607 et
281 2541 429 2606 Catilina
451 2549 486 2606 et
509 2540 660 2627 Cethego
688 2540 913 2606 foedissimam
936 2543 1041 2606 vitam
1063 2565 1100 2608 ac

56 2648 272 2712 miserrimam
289 2646 482 2731 turpissima
498 2652 604 2710 morte
621 2647 791 2730 proposita
808 2644 967 2732 degeret?
1015 2647 1046 2708 N
1048 2669 1101 2723 on,
1126 2664 1155 2710 10

56 2752 202 2836 inquam,
221 2750 311 2816 cadit
327 2753 362 2815 in
378 2751 438 2825 hos
456 2772 572 2824 mores,
591 2771 656 2813 non
675 2751 709 2812 in
733 2749 821 2815 hunc
846 2750 1015 2834 pudorem,
1033 2773 1100 2814 non

87 2907 188 2955 27-31.
224 2907 371 2958 habuisse
407 2906 565 2956 iudicatus
621 2904 1104 2968 1-5.1nh00pudore,⁴rnann0n-

55 2987 117 3032 ent:
131 2985 153 3033 is
162 2985 217 3034 this
224 2999 259 3033 an
268 2984 429 3034 illustration
438 2984 475 3044 oi,
485 2996 515 3031 or
522 2996 567 3032 cx·
589 2982 678 3032 orable
693 2982 832 3031 character
850 2981 904 3031 like
922 2981 994 3030 this.'
1030 2994 1103 3031 con·

55 3062 163 3123 ception
175 3065 212 3122 to,
224 3061 269 3109 the
280 3061 336 3110 rule
348 3061 426 3123 given
440 3074 474 3109 on
485 3060 507 3109 1.
520 3058 566 3106 1⁵.
589 3058 667 3108 ferte
688 3094 693 3106 .
710 3093 716 3105 .
734 3094 739 3105 .
757 3057 988 3119 recognoscite:
1013 3057 1103 3109 notice

55 3137 109 3186 32?
125 3137 157 3184 in
169 3137 290 3192 ceteris,
303 3149 365 3198 ag„
379 3138 501 3186 Murena.
591 3135 636 3184 the
668 3134 783 3196 clriastic
816 3140 1013 3196 arrangement,
1048 3136 1102 3185 and

88 3213 158 3275 §aa
183 3211 285 3261 32-38.
314 3216 503 3262 maerentem
516 3211 567 3261 de·
591 3213 666 3273 point
692 3216 740 3261 out
767 3225 802 3260 an
832 3212 953 3260 instance
976 3212 1005 3260 in
1025 3212 1038 3274 ξ
1060 3212 1100 3264 75.

55 3291 185 3339 minum
202 3288 428 3350 afflictumque:
446 3290 489 3338 ior
505 3302 568 3350 -que
590 3291 614 3350 i,
624 3290 647 3338 8.

55 3382 100 3417 see
118 3381 154 3417 on
174 3367 212 3416 II.
234 3366 279 3415 14.
295 3367 319 3414 4.
363 3365 568 3414 invitamenta
622 3365 686 3427 575.
708 3363 789 3412 5-11.
807 3364 904 3413 Mitto
924 3377 989 3414 rem
1002 3364 1103 3426 publi-

55 3444 149 3500 urbia,
174 3442 271 3505 ‘many
290 3442 452 3492 attractione
470 3442 498 3490 in
521 3441 568 3490 the
590 3453 666 3499 cam,
686 3440 717 3491 ‘I
738 3447 787 3503 put
809 3442 855 3490 the
872 3441 961 3503 public
979 3441 1102 3507 interests

55 3518 174 3582 capital!
210 3518 361 3580 cumlege
374 3518 568 3574 retineretur,
590 3524 638 3568 out
658 3518 687 3567 oi
709 3518 782 3580 sight
794 3517 815 3567 :’
842 3518 884 3566 ior
901 3519 979 3568 initio
997 3516 1044 3581 (se.
1063 3519 1103 3568 di-

57 3596 204 3658 ‘although
216 3596 263 3645 tlre
276 3596 327 3646 law
339 3594 452 3645 allowed
470 3595 528 3643 him
540 3601 568 3644 to
591 3594 661 3656 cere)
675 3608 719 3644 see
731 3607 766 3643 on
780 3595 793 3655 ᾖ
807 3595 847 3644 22.
864 3595 904 3644 26.
961 3594 1041 3652 Non,
1058 3595 1103 3642 in·

56 3672 186 3722 renialuz'
201 3686 245 3721 see
256 3687 290 3722 ou
305 3673 318 3734 §
344 3672 380 3723 17.
395 3671 435 3721 44.
470 3682 568 3733 paene
591 3683 690 3731 quam,
702 3675 764 3730 etc,
778 3684 895 3720 answers
914 3671 961 3720 the
978 3672 1102 3732 question

55 3750 178 3810 qualilies
190 3749 236 3797 the
256 3748 341 3798 whole
357 3748 514 3809 expression
527 3760 569 3796 ca·
592 3749 619 3794 in
631 3748 644 3808 ἓ
657 3747 695 3798 ri.
708 3749 728 3808 1,
739 3748 761 3795 2.
797 3744 884 3793 cadit
895 3746 934 3804 in,
946 3745 984 3796 ‘is
991 3748 1104 3806 consist-

54 3825 105 3885 ilio
114 3823 248 3893 inuitauit,
260 3824 266 3847 ‘
277 3824 290 3873 Ι
300 3825 387 3896 might
394 3824 493 3877 almost
500 3821 566 3894 say!
591 3827 638 3877 ent
652 3821 735 3880 with,’
828 3818 831 3826 '
