2678 4260
454 264 509 318 aa.
534 263 641 330 xxn,
666 264 758 329 §1-5.
1111 248 1176 321 421

82 461 152 507 esse
168 435 306 506 factum.
354 438 510 504 Pisonem
526 446 679 503 nostrum
695 437 833 503 mirifico
858 459 930 503 esse
953 438 1067 504 studio
1090 440 1125 504 in

82 569 141 610 nos
158 554 194 610 et
208 545 316 609 officio
333 552 368 610 et
383 567 444 631 ego
468 544 631 629 perspicio
655 550 689 608 et
714 565 827 608 omnes
853 543 1066 629 praedicant:
1092 543 1127 608 di

83 651 201 728 faxint,
213 657 252 714 ut
265 650 324 714 tali
337 671 459 735 genero
476 649 556 711 mihi
573 649 740 733 praesenti
757 655 869 712 tecum
884 648 984 712 simul
1000 656 1126 714 etcum
1149 664 1180 710 at

82 756 193 820 liberis
220 755 343 819 nostris
370 752 438 817 frui
465 751 581 817 liceat!
628 753 728 817 Nunc
755 774 830 837 spes
861 752 991 837 reliqua
1016 752 1126 818 estin

83 861 178 925 novis
195 859 337 924 tribunis
354 857 399 942 pl.
416 865 452 922 et
474 858 509 920 in
532 857 646 941 primis
671 856 806 942 quidem
831 856 970 933 diebus3
994 878 1081 947 nam,
1098 857 1126 922 si

82 965 285 1041 inveterarit,
299 970 411 1029 actum
426 969 487 1027 est.
533 961 583 1026 Ea
599 984 633 1027 re
649 962 691 1026 ad
708 970 741 1026 te
757 962 870 1026 statim
883 961 1122 1026 Aristocritum
1144 966 1166 1028 4

83 1071 167 1146 misi,
185 1077 224 1134 ut
239 1068 281 1133 ad
297 1090 348 1133 me
365 1068 524 1132 continuo
540 1067 638 1131 initia
653 1068 764 1131 reruin
780 1074 816 1131 et
836 1068 997 1131 rationem
1020 1067 1125 1132 totius

83 1175 209 1261 negotii
232 1194 344 1258 posses
367 1171 519 1247 scribere,
536 1172 600 1235 etsi
623 1171 779 1256 Dexippo
802 1192 936 1255 quoque
960 1173 1006 1235 ita
1029 1173 1131 1258 impe·
1151 1187 1181 1234 30

83 1279 163 1354 ravi,
180 1278 293 1342 statim
310 1283 349 1340 ut
364 1282 558 1351 recurreret,
575 1274 667 1339 etad
690 1274 827 1340 fratrem
852 1276 936 1350 misi,
954 1284 993 1340 ut
1014 1275 1127 1341 crebro

83 1382 271 1447 tabellarios
288 1381 456 1454 mitteret;
474 1400 548 1443 nam
563 1401 625 1466 ego
637 1402 675 1444 eo
688 1380 820 1445 nomine
834 1401 908 1444 sum
925 1379 1126 1465 Dyrrhachii

83 1487 144 1550 hoc
168 1493 326 1570 tempore,
343 1491 383 1547 ut
408 1505 508 1567 quam
534 1484 712 1560 celerrime,
730 1483 813 1568 quid
835 1492 964 1570 agatur,
981 1483 1125 1562 audiam,

83 1598 118 1655 et
139 1612 214 1655 sum
236 1596 331 1665 tut03
355 1589 474 1653 civitas
497 1588 586 1652 enim
611 1588 691 1653 haec
716 1608 847 1672 semper
867 1609 887 1652 a
910 1609 962 1652 me
991 1586 1129 1654 defensa

84 1702 144 1760 est.
185 1693 272 1758 Cum
288 1693 414 1758 inimici
430 1693 535 1757 nostri
548 1693 662 1758 venire
676 1691 841 1769 dicentur,
852 1699 925 1757 turn
940 1693 976 1754 in
989 1693 1130 1778 Epirum
1152 1707 1181 1754 ³6

84 1799 148 1864 ibo.
195 1797 295 1878 Quod
322 1796 437 1862 scribis
465 1804 506 1874 te,
525 1798 553 1861 si
576 1797 688 1872 velim,
712 1796 755 1861 ad
782 1818 833 1861 me
857 1804 1044 1873 venturam,
1061 1799 1166 1883 egos

84 1926 172 1980 vere,
190 1925 267 1967 cum
291 1903 393 1967 sciam
418 1922 573 1988 magnam
597 1909 726 1987 partem
751 1902 849 1966 istius
874 1901 983 1965 oneris
1011 1900 1127 1965 abste

84 1991 252 2082 sustineri,
277 2013 311 2070 te
331 2006 407 2070 istic
430 2026 502 2070 esse
526 2006 612 2071 volo.
659 2005 694 2070 si
716 2006 886 2091 perficitis,
903 2004 993 2090 quod
1018 2005 1128 2091 agitis,

84 2134 136 2176 me
153 2110 195 2175 ad
211 2131 270 2176 vos
286 2111 400 2175 venire
417 2117 568 2194 oportet;
591 2111 644 2174 sin
669 2119 782 2175 autem
794 2148 837 2158 -
849 2108 909 2175 sed
933 2109 1018 2173 nihil
1045 2129 1130 2194 opus

85 2224 137 2280 est
152 2216 282 2300 reliqua
297 2213 450 2279 scribere.
496 2214 549 2278 Ex
565 2215 681 2300 primis
703 2221 763 2279 aut
784 2236 952 2279 summum
974 2212 1131 2278 secundis
1152 2227 1184 2274 ao

84 2321 205 2385 litteris
221 2319 289 2408 tuis
305 2319 508 2383 constituere
524 2319 717 2404 poterimus,
730 2318 812 2404 quid
827 2319 922 2383 nobis
938 2316 1130 2382 faciendum

85 2426 147 2489 sit:
172 2431 211 2489 tu
227 2422 326 2487 modo
341 2422 383 2487 ad
399 2444 450 2487 me
466 2423 567 2488 velim
583 2423 694 2487 omnia
715 2423 969 2510 diligentissime
993 2422 1130 2507 perseri-

118 2658 219 2709 24-28.
252 2657 286 2706 di
317 2657 433 2706 faxint:
461 2658 505 2708 for
526 2659 597 2707 torm
621 2658 756 2721 purpoae‚’
776 2659 888 2723 looking
905 2657 1021 2709 forward
1039 2662 1068 2708 to
1084 2657 1133 2708 the

86 2736 140 2786 and
172 2749 220 2785 use
251 2748 295 2786 sec
328 2749 363 2783 on
393 2735 463 2784 Mur.
487 2733 534 2784 84.
557 2735 595 2784 23.
621 2735 753 2786 clauserat
772 2773 778 2785 .
798 2772 804 2786 .
825 2771 831 2785 .
852 2736 982 2786 audiam:
999 2735 1133 2784 inculsit

87 2814 146 2863 'l'he
162 2826 328 2876 prayerwas
345 2817 394 2861 not
410 2811 521 2872 granted
535 2810 596 2872 (Ep.
622 2813 770 2862 translated
782 2814 861 2862 when
875 2814 896 2861 it
911 2806 995 2862 refers
1007 2817 1035 2861 to
1046 2825 1063 2861 a
1074 2824 1133 2874 pra·

87 2891 167 2942 XVI.
187 2889 213 2939 9.
234 2888 315 2950 1131),
334 2904 364 2938 as
386 2888 449 2937 Piso
471 2887 532 2937 died
554 2887 598 2937 be·
621 2890 718 2953 ccding
739 2889 907 2939 statement?
940 2888 1065 2945 lnlmiol.
1085 2888 1133 2938 the

87 2968 145 3016 iore
169 2966 263 3017 Cicero
289 2980 343 3015 was
369 2963 491 3014 recalled.
539 2964 599 3026 pri-
622 2967 813 3017 Catilinarians
840 2967 926 3030 living
960 2966 988 3015 ln
1022 2965 1132 3028 Greecc,

87 3044 147 3091 mis
159 3043 277 3100 diebus.
290 3043 344 3102 i.e.‚
357 3041 430 3091 after
443 3040 514 3090 their
531 3047 598 3090 term
621 3056 646 3104 p.
660 3043 699 3099 40,
714 3043 727 3104 i
740 3043 780 3094 tr.

10 3112 14 3120 ’
88 3121 182 3181 began.
209 3118 321 3168 When?
344 3117 598 3174 inveterarlt,
654 3116 1134 3180 §5.39-44.ainantem-·—,thc

90 3195 163 3259 ‘geta
185 3194 279 3244 stale:’
299 3195 322 3244 is
344 3195 391 3243 the
409 3195 477 3258 good
497 3208 528 3243 or
547 3193 597 3243 bad
621 3195 705 3245 blank
733 3209 784 3245 can
814 3195 847 3245 bo
870 3194 943 3245 filled
970 3195 1041 3245 from
1068 3194 1131 3257 Epa.

88 3286 165 3322 sense
175 3272 204 3320 oi
214 3272 270 3320 this
282 3271 355 3320 word
367 3284 441 3320 more
453 3271 600 3320 common?
622 3273 701 3322 XIX.
712 3271 738 3320 3.
748 3273 793 3334 30;
809 3271 873 3323 XV.
884 3272 910 3320 2.
922 3272 966 3333 28;
983 3271 1065 3323 VIII.
1076 3271 1093 3321 l.
1107 3273 1131 3323 2.

89 3350 139 3399 Sca
154 3362 190 3398 on
208 3347 273 3398 Sull.
292 3347 339 3396 24.
355 3348 379 3400 7.
414 3350 520 3397 actum
537 3350 599 3397 eat:
621 3348 792 3405 summumst
800 3353 829 3397 at
839 3348 995 3409 most,'adv.
1005 3362 1059 3397 acc.
1075 3348 1134 3399 ita:

89 3439 133 3474 see
155 3439 191 3474 on
213 3423 249 3473 its
271 3424 424 3486 compound
447 3425 497 3486 Ep.
517 3424 596 3475 XIV.
620 3426 664 3475 ior
675 3426 710 3474 its
722 3439 769 3475 use
781 3425 845 3474 here
862 3438 906 3474 see
917 3439 953 3474 on
966 3424 1019 3473 III.
1034 3424 1079 3472 21.
1091 3424 1116 3474 t.

89 3500 115 3549 3.
127 3501 166 3551 24.
653 3502 691 3552 ot
708 3502 755 3551 the
772 3501 864 3551 letters
881 3500 1026 3550 contained
1038 3501 1066 3549 in
1078 3499 1135 3550 thia

122 3578 170 3639 §t
189 3575 290 3624 29-35.
307 3575 397 3625 initia
410 3612 416 3623 .
429 3611 435 3624 .
453 3611 459 3624 .
473 3575 598 3637 negotia
621 3578 749 3628 aelection
762 3579 818 3628 this
829 3578 853 3627 is
864 3578 911 3626 the
921 3576 974 3628 last
985 3578 1093 3627 written
1105 3577 1134 3626 in

91 3655 154 3704 ‘the
165 3653 223 3703 first
234 3658 307 3716 steps
319 3654 348 3703 ln
362 3654 410 3703 the
425 3652 598 3716 proceedings
620 3655 698 3705 exile.
733 3655 786 3704 For
797 3655 844 3703 the
855 3653 962 3717 general
975 3653 1135 3715 ImpreasIon

89 3731 144 3781 and
165 3731 213 3780 the
237 3743 361 3793 progreas
384 3729 414 3779 oi
443 3728 490 3780 the
512 3728 598 3780 whole
620 3732 699 3781 made
710 3732 744 3793 by
756 3731 831 3780 them
842 3742 916 3794 upon
928 3730 975 3779 the
986 3728 1135 3780 tendenaco

88 3804 226 3871 struggle!
262 3818 301 3856 eo
317 3805 449 3865 nomine,
469 3805 527 3856 ‘tor
543 3807 598 3856 this
620 3820 646 3869 p.
659 3806 700 3870 46,
713 3805 776 3868 §aa
