2678 4260
422 279 501 329 cnr.
526 280 615 346 32-33,
640 279 764 342 §st-91.
1103 271 1167 335 609

64 453 278 518 consulatum
308 453 379 517 eius
419 458 596 536 expectare
637 452 837 535 potuissent,
869 452 927 516 ille
967 451 1112 539 denique

64 558 164 621 vivus
195 556 273 620 mali
304 555 388 618 nihil
418 554 563 630 fecisset,
596 557 654 639 qui
686 563 839 620 mortuus
871 577 938 620 uno
969 578 1012 622 ex
1043 561 1168 625 suisa

63 659 265 724 satellitibus
289 658 374 723 duce
398 659 525 723 curiam
549 657 760 723 incenderit?
809 659 887 738 Quo
912 659 996 746 quid
1020 664 1114 729 mise·

63 762 244 847 1·ius,quid
265 762 425 838 acerbius,
449 761 531 846 quid
556 763 744 827 luctuosius
768 762 924 840 vidimus
948 767 1113 850 templum

63 864 262 942 sanctitatis,
280 864 523 951 amplitudinis,
542 868 674 942 mentis,
701 867 831 931 consilii
856 867 991 952 publici,
1011 879 1113 956 caput

64 971 166 1046 urbiS,
183 991 273 1034 aram
293 971 468 1045 sociorum,
486 977 619 1054 portum
644 971 794 1034 omnium
816 972 981 1057 gentium,
999 973 1111 1039 sedem

63 1074 105 1138 ab
129 1075 286 1137 universo
312 1073 436 1157 populo
464 1095 654 1138 concessam
683 1075 741 1137 uni
766 1074 876 1138 ordini
903 1073 1109 1154 inflammari,
1135 1093 1164 1138 25

63 1176 208 1253 excindi,
222 1177 395 1253 funestari,
409 1198 518 1260 neque
535 1176 570 1239 id
586 1177 655 1241 fieri
673 1199 691 1241 a
707 1178 926 1244 multitudine
945 1180 1107 1264 imperita,

63 1303 268 1366 quamquam
284 1288 373 1346 esset
390 1281 547 1345 miserum
564 1281 599 1344 id
615 1282 736 1365 ipsum,
754 1281 812 1345 sed
836 1282 877 1346 ab
901 1283 995 1346 uno?
1041 1284 1110 1363 Qui

62 1409 138 1451 cum
157 1393 289 1450 tantum
311 1406 412 1449 ausus
438 1385 483 1448 sit
508 1393 602 1450 ustor
618 1407 677 1470 pro
701 1392 842 1462 mortuo,
861 1386 944 1471 quid
967 1389 1108 1474 signifer

62 1513 122 1576 pro
135 1491 212 1554 vivo
225 1511 292 1553 non
305 1495 393 1553 esset
404 1489 528 1552 ausus?
566 1489 742 1553 incuriam
756 1492 966 1575 potissimum
979 1492 1108 1570 abiecit,
1134 1515 1164 1560 29

61 1602 102 1656 ut
117 1615 189 1657 eam
213 1599 364 1656 mortuus
382 1591 585 1669 incenderet,
603 1614 704 1676 quam
721 1595 820 1658 vivus
844 1603 1021 1659 everterat.
1068 1597 1114 1661 Et
1125 1602 1162 1663 91

60 1704 152 1772 sunt,
170 1695 285 1780 quide
310 1695 363 1759 via
387 1696 499 1779 Appia
522 1704 716 1780 que1antur,
735 1705 868 1762 taceant
890 1697 930 1761 de
957 1699 1058 1775 curia,
1075 1709 1110 1764 et
1194 1703 1198 1711 '

61 1803 121 1885 qui
137 1801 178 1865 ab
194 1823 232 1865 eo
247 1801 395 1885 spirante
412 1798 522 1862 forum
541 1808 664 1884 putent
682 1802 830 1885 potuisse
848 1801 994 1878 defendi,
1012 1805 1109 1868 cuius
1181 1803 1183 1808 ’

62 1927 129 1969 non
146 1904 307 1969 restiterit
322 1903 476 1968 cadaveri
490 1904 605 1967 curia?
653 1904 818 1979 Excitate,
830 1905 974 1969 excitate
988 1906 1107 1990 ipsum,

60 2011 89 2074 si
106 2009 256 2094 potestis,
273 2029 293 2071 a
308 2008 464 2082 mo1·tuis;
482 2006 644 2093 frangetis
662 2009 825 2092 impetum
841 2008 920 2083 vivi,
935 2009 1031 2073 cuius
1049 2011 1106 2074 vix

60 2113 236 2177 sustinetis
252 2111 357 2176 furias
373 2111 560 2195 insepulti?
608 2112 682 2176 Nisi
705 2134 784 2176 vero
808 2113 1018 2177 sustinuistis
1042 2135 1108 2190 eos,
1134 2127 1163 2172 35

62 2219 120 2302 qui
137 2239 213 2282 cum
229 2216 358 2280 facibus
374 2215 417 2280 ad
433 2216 559 2280 curiam
574 2222 802 2291 cucurrerunt,
816 2237 892 2280 cum
908 2215 1050 2282 falcibus
1066 2217 1110 2281 ad

62 2322 219 2399 Castoris,
232 2344 309 2388 cnm
321 2322 442 2409 gladiis
454 2329 525 2386 toto
537 2320 609 2384 foro
625 2321 819 2384 volitarunt.
859 2319 963 2384 Caedi
973 2321 1106 2386 vidistis

61 2427 223 2511 populum
244 2427 443 2500 Romanum,
461 2426 650 2490 contionem
674 2422 795 2509 gladiis
820 2421 1010 2499 disturbari,
1028 2446 1105 2489 eum

60 2530 235 2595 audiretur
249 2531 383 2595 silentio
409 2530 456 2594 M.
475 2529 618 2603 Caelius,
639 2527 793 2592 tribunus
817 2526 874 2611 pi,
891 2527 943 2592 vir
958 2534 994 2592 et
1016 2529 1051 2592 in
1074 2551 1109 2594 re

60 2634 195 2719 publica
225 2635 428 2701 fortissimus
460 2642 495 2699 et
525 2636 559 2696 in
588 2639 743 2716 suscepta
775 2652 874 2696 causa
901 2631 1107 2698 firmissimus
1133 2655 1163 2700 40

60 2747 96 2804 et
126 2739 288 2804 bonorum
319 2740 488 2804 voluntati
520 2745 555 2802 et
584 2737 776 2801 auctoritati
808 2742 945 2800 senatus
973 2735 1107 2803 deditus

60 2851 96 2908 et
126 2843 161 2907 in
191 2843 253 2908 hae
281 2843 419 2908 Milonis
442 2843 513 2907 sive
537 2839 666 2906 invidia
690 2842 759 2905 sive
786 2839 1108 2927 fortunasingulari

61 2947 177 3011 divina
199 2954 234 3010 et
256 2947 444 3012 incredibili
468 2945 543 3010 fide.

94 3094 159 3155 590.
179 3094 280 3142 21-27.
304 3093 392 3150 duee,
417 3093 490 3143 Sext.
514 3092 575 3142 Clo·
598 3092 627 3140 ol
643 3092 703 3140 evil.
738 3090 881 3148 falcibus,
899 3089 974 3140 ‘wall
994 3091 1111 3141 lrooks:’

61 3171 130 3219 dius.
165 3170 329 3230 templum:
346 3185 390 3219 see
405 3184 430 3232 p.
445 3169 485 3230 75,
500 3170 514 3231 ξ
529 3170 575 3219 103
598 3168 632 3217 ci.
654 3167 729 3216 Caes.
752 3167 805 3216 III.
825 3166 872 3214 14.
890 3168 915 3228 5,
929 3168 971 3216 ior
989 3168 1036 3216 the
1048 3182 1110 3230 pnr-

61 3246 95 3295 ad
119 3245 164 3294 fin.
199 3246 357 3303 funestari,
381 3248 415 3308 by
438 3247 484 3294 the
507 3246 574 3294 dead
597 3258 661 3306 pose
681 3245 710 3292 of
730 3244 835 3305 tearing
856 3256 933 3305 away
955 3244 1001 3292 the
1024 3249 1110 3306 steps3

61 3321 132 3383 body
144 3322 174 3371 of
191 3321 309 3371 Clodius.
346 3321 391 3370 All
411 3321 474 3383 lroly
485 3321 575 3384 places
597 3321 641 3369 for
652 3321 698 3368 the
709 3320 764 3368 fact
774 3319 809 3368 ci.
824 3319 892 3369 Sest.
906 3318 952 3366 34.
966 3319 1003 3368 13.

66 3412 131 3448 were
141 3399 219 3447 made
227 3398 343 3447 unclean
351 3399 386 3460 by
396 3398 442 3447 the
449 3412 575 3460 presence
629 3394 730 3444 ³94³.
749 3394 879 3452 Caelius,
892 3408 909 3444 a
925 3409 1009 3444 warin
1020 3396 1109 3446 friend

60 3475 91 3524 oi
110 3488 126 3523 a
145 3466 245 3536 corpse.
281 3477 372 3532 esset,
388 3473 491 3523 ‘would
505 3474 575 3523 have
597 3473 626 3523 of
643 3473 708 3522 both
726 3471 820 3520 cicero
836 3471 890 3520 and
909 3472 983 3522 Milo.
1019 3472 1110 3523 Milo-

64 3551 158 3600 been:'
176 3551 220 3599 for
230 3555 306 3600 tense
319 3551 353 3599 cl.
368 3550 432 3612 §aa
447 3551 470 3600 9.
597 3549 645 3597 nis
663 3585 668 3597 .
685 3585 691 3596 .
709 3585 714 3596 .
731 3548 885 3609 singulari,
901 3549 945 3599 ‘in
958 3549 1045 3599 Milo's
1060 3565 1110 3599 un-

95 3627 160 3688 591.
179 3625 280 3674 32-36.
298 3625 394 3683 abeo,
409 3626 495 3674 ‘from
509 3623 572 3688 (ie,
597 3625 749 3687 popularity
767 3625 788 3672 if
805 3639 859 3687 you
877 3625 939 3687 will,
960 3641 999 3687 or,
1018 3626 1041 3675 ii
1056 3641 1110 3688 you

26 3706 31 3714 '
62 3700 179 3767 against)
193 3702 269 3751 him'
303 3701 399 3749 furias
411 3701 574 3763 insepulti:
598 3701 695 3763 please,
715 3701 758 3750 his
777 3701 947 3751 remarkable
966 3702 1035 3765 good
1057 3702 1109 3750 ior-

65 3787 84 3830 it
100 3794 153 3829 was
172 3778 291 3826 believed
311 3778 372 3826 that
391 3779 436 3826 the
457 3777 529 3826 souls
546 3778 575 3826 ol
597 3778 682 3827 tune)
719 3777 826 3825 divina
841 3812 846 3826 .
861 3813 867 3825 .
881 3813 886 3824 .
900 3776 1109 3840 flde,precisely

62 3859 110 3908 the
123 3855 254 3906 unburied
269 3854 338 3904 dead
357 3855 465 3904 became
484 3854 575 3916 spirits
598 3853 707 3916 parallel
719 3855 784 3903 with
797 3853 1108 3916 aedituaflrmtsatmus,
