2678 4260
464 287 518 344 ne.
543 287 632 356 xri,
658 290 749 357 sea.
1110 277 1175 350 407

76 467 210 531 nomine
227 465 350 531 frustra
366 465 563 550 dissiparim.
611 465 677 530 Sed
693 475 805 530 tamen
822 474 856 531 et
869 466 945 531 inde
960 466 1120 545 Antonio,

77 578 243 654 quantum
259 577 297 633 tu
313 572 500 654 scripseras
518 579 553 635 et
572 571 732 654 Caepioni
749 570 949 635 tantundem
971 573 1119 636 solutum
1144 585 1174 632 95

76 679 144 736 est:
169 673 250 735 mihi
267 672 309 735 ad
326 672 369 749 id,
387 672 478 756 quod
494 674 615 758 cogito,
633 673 705 746 hoc,
718 673 810 757 quod
826 674 939 750 habeo,
957 677 1037 739 satis
1053 685 1120 752 est3

76 777 147 840 sive
172 777 262 840 enirn
287 777 497 840 restituimur
523 777 594 840 sive
617 775 840 860 desperamus,
866 777 950 841 nihil
977 779 1121 863 amplius

76 901 161 964 opus
180 888 240 944 est.
287 880 351 956 Tu,
374 881 402 944 si
419 879 505 944 forte
522 879 606 964 quid
628 881 692 944 erit
713 881 896 957 molestiae,
913 889 946 946 te
969 882 1012 946 ad
1029 883 1123 949 Cras-

76 991 210 1048 sumet
236 983 278 1048 ad
306 983 475 1048 Calidium
500 983 651 1049 conferas
679 1006 816 1049 censeo:
849 993 1013 1069 quantum
1039 987 1123 1050 Hor·

76 1089 184 1152 tensio
207 1086 411 1152 credendum
432 1089 486 1164 sit,
509 1089 629 1152 nescio.
678 1088 734 1152 Me
756 1110 886 1152 summa
908 1090 1119 1156 simulatione
1142 1096 1162 1158 8

76 1193 196 1256 amoris
208 1213 413 1275 ,summaque
435 1190 630 1257 assiduitate
655 1192 851 1276 quotidiana
866 1195 1117 1260 sceleratissime
1129 1214 1171 1260 101

77 1293 396 1378 insidiosissimeque
413 1295 572 1359 tractavit
593 1293 753 1358 adiuncto
778 1293 819 1373 Q.
837 1295 954 1371 Arri03
978 1317 1121 1380 quorum

76 1419 138 1483 ego
155 1397 310 1474 consiliis,
325 1398 502 1481 promissis,
521 1399 706 1483 praeceptis
723 1397 906 1463 destitutus
923 1400 957 1462 in
974 1400 1058 1466 hanc
1071 1424 1121 1467 ca

77 1502 260 1567 lamitatem
277 1501 389 1566 incidi.
435 1500 502 1566 Sed
518 1502 598 1567 haec
615 1502 808 1579 occultabis‚
826 1525 866 1568 ne
885 1502 968 1587 quid
989 1504 1117 1570 obsint:

76 1605 163 1668 illud
175 1613 294 1670 caveto
304 1613 389 1670 —et
400 1627 439 1670 eo
451 1614 534 1690 puto
547 1628 605 1691 par
618 1607 841 1691 Pomponium
858 1606 1043 1672 fovendum
1059 1609 1117 1674 tibi
1131 1628 1173 1676 10⁶

77 1731 147 1775 esse
164 1711 275 1794 ipsum
292 1709 581 1787 Hortensium—,
599 1733 640 1775 ne
659 1712 716 1776 ille
734 1731 859 1788 versus,
877 1712 936 1795 qui
954 1712 988 1774 in
1002 1719 1034 1776 te
1050 1721 1122 1778 erat

76 1814 229 1890 collatus,
243 1836 319 1879 cum
335 1813 542 1879 aedilitatem
557 1814 702 1899 petebas,
719 1815 760 1880 de
778 1816 850 1901 lege
869 1816 1019 1892 Aurelia,
1036 1815 1120 1882 falso

76 1918 269 1983 testimonio
285 1919 514 1993 confirmatum
538 1918 623 1981 nihil
639 1920 728 1982 enim
745 1927 813 1984 tam
830 1921 932 1984 timeo
948 1941 1049 2004 quam
1066 1943 1117 1998 ne,

77 2044 155 2087 cum
172 2023 365 2108 intelligant
387 2021 546 2097 homines
570 2029 735 2106 quantum
758 2023 1000 2089 misericordiae
1025 2025 1121 2090 nobis

78 2136 156 2191 tuae
172 2147 285 2211 preces
301 2133 337 2190 et
352 2132 411 2189 tua
426 2125 516 2189 salus
532 2125 674 2190 allatura
690 2127 743 2202 sit,
762 2136 959 2214 oppugnent
976 2137 1010 2194 te
1026 2130 1123 2194 vehe·
1131 2149 1174 2194 110

77 2232 231 2297 mentius.
278 2229 457 2294 Messalam
473 2231 524 2293 tui
539 2229 728 2295 studiosum
745 2253 815 2296 esse
840 2231 998 2308 arbitror3
1025 2233 1120 2298 Pom·
1142 2237 1162 2301 9

78 2338 190 2421 peium
218 2336 319 2399 etiam
345 2333 572 2398 simulatorem
599 2343 692 2418 puto.
740 2333 806 2400 Sed
832 2335 911 2400 haec
934 2338 1064 2401 utinam
1080 2359 1130 2406 ne.

77 2444 271 2532 experiare!
296 2445 387 2530 quod
403 2465 554 2531 precarer
569 2441 659 2519 deos,
677 2443 742 2507 nisi
759 2465 847 2508 meas
870 2464 983 2528 preces
1006 2443 1120 2508 audire

109 2678 212 2729 94-99.
229 2683 335 2730 tamen
367 2679 450 2730 refers
483 2682 512 2729 to
542 2677 589 2727 the
646 2675 699 2734 18.
719 2678 783 2727 102.
801 2677 835 2736 Q.
853 2677 987 2734 Arrio,a
1008 2691 1072 2726 man
1095 2675 1124 2725 oi

78 2757 223 2821 preceding
231 2758 410 2819 dissiparim:
427 2756 462 2806 ci.
473 2755 587 2819 Eplii.
615 2753 668 2804 low
679 2755 752 2804 birth
764 2754 816 2803 and
833 2753 902 2804 little
918 2754 1048 2816 learning,
1063 2753 1124 2802 who

78 2834 103 2882 2.
126 2833 169 2896 34;
197 2840 246 2884 not
268 2834 344 2897 quite
372 2833 419 2883 the
444 2846 517 2882 same
542 2845 590 2880 use
616 2831 712 2894 gained
733 2831 766 2892 by
785 2829 886 2879 tireless
905 2830 1026 2891 industry
1046 2843 1062 2878 a
1085 2843 1123 2878 re·

78 2910 213 2960 therefore
231 2925 260 2960 as
279 2912 306 2959 in
324 2909 336 2969 §
354 2910 377 2958 4.
391 2909 439 2960 47.
474 2907 547 2956 inde
562 2930 588 2948 =
616 2906 834 2969 spectablepiaee
846 2920 875 2955 as
888 2921 903 2954 a
915 2905 1020 2968 lawyer.

79 3001 110 3037 aa
133 3001 184 3037 ec:
213 2987 247 3036 ci.
277 2987 357 3046 unde,
389 2987 458 3035 Mur.
489 2984 535 3033 26.
563 2984 587 3033 8.
648 2981 713 3030 106.
722 2979 1122 3037 versus...collatus,‘that

78 3062 228 3121 Antonio,
242 3062 397 3125 Caepioni,
415 3063 544 3113 creditors
562 3060 591 3109 of
617 3060 736 3123 epigram
766 3060 854 3109 which
876 3073 931 3109 was
953 3058 1072 3108 ascribed
1096 3065 1125 3107 to

79 3140 197 3201 Quintus
209 3141 300 3190 whom
311 3140 405 3190 Cicero
416 3139 470 3189 had
484 3139 547 3202 pald
560 3139 587 3186 ln
617 3137 688 3198 you’
718 3135 1125 3197 Quintuswasiondoiwriting

79 3218 129 3267 full
148 3218 215 3267 with
235 3232 308 3266 some
326 3217 355 3266 of
373 3218 419 3266 the
439 3216 521 3266 iunds
542 3216 586 3265 oh
616 3227 712 3273 verses,
723 3213 775 3262 and
789 3217 910 3263 seemsto
921 3213 990 3261 have
1001 3210 1125 3261 satirized

78 3294 169 3344 tained
186 3294 256 3343 from
274 3295 320 3343 the
336 3299 466 3355 treasnry.
503 3290 589 3340 Cras-
616 3290 662 3340 the
676 3289 805 3340 Aurelian
816 3289 868 3338 law
881 3287 936 3351 (see
947 3302 983 3337 on
996 3289 1064 3336 Mur.
1078 3286 1124 3334 24.

78 3383 155 3427 sum,
180 3371 227 3419 the
252 3370 384 3419 triumvir.
429 3367 588 3417 Calidium.
614 3367 652 3426 81,
672 3367 721 3416 but
739 3380 778 3416 we
799 3366 880 3415 know
898 3365 1013 3426 nothing
1030 3363 1060 3412 oi
1077 3363 1125 3412 the

79 3447 116 3495 M.
152 3446 273 3496 Calidius
306 3460 361 3495 was
399 3459 434 3494 an
467 3445 588 3494 eminent
615 3443 829 3492 circumstances.

78 3522 184 3584 lawyer,
194 3522 248 3571 and
258 3522 337 3571 when
347 3527 455 3583 praetor
465 3522 512 3570 the
524 3526 589 3570 next
646 3518 689 3576 §a
698 3518 838 3567 111-114.
848 3516 1023 3573 Messalam,
1031 3513 1125 3565 consul

79 3610 142 3658 year
176 3596 310 3658 proposed
346 3595 465 3646 Cicero's
499 3595 586 3645 recall.
616 3596 644 3644 in
653 3596 697 3644 61:
713 3594 748 3643 cf.
760 3594 824 3643 Suil.
838 3594 884 3643 20.
893 3595 933 3643 31.
956 3591 1124 3653 experiare,

79 3671 265 3721 Hortensio:
282 3672 317 3722 ci.
331 3673 382 3735 Ep.
400 3671 463 3723 XV.
482 3671 507 3719 2.
522 3674 553 3720 22
568 3671 587 3721 i.
618 3670 706 3721 ‘meet
733 3671 808 3720 these
833 3668 942 3719 trials.’'
969 3667 1055 3728 quod
1072 3702 1078 3714 .
1095 3701 1124 3714 ..

80 3747 199 3800 Cicero’s
216 3750 366 3813 suspicions
382 3750 412 3799 oi
429 3749 590 3799 Hortensius
617 3747 787 3798 desissent:
807 3759 851 3797 see
871 3759 907 3794 on
933 3745 981 3807 Ep.
1003 3742 1080 3794 xiv.
1099 3742 1126 3793 1.

80 3838 149 3878 were
160 3825 290 3891 probably
301 3826 405 3890 uniust.
618 3824 656 3876 10.
