2678 4260
453 267 533 322 cnr.
559 270 645 334 11-12,
670 268 684 334 s
707 269 794 322 aare.
1136 251 1200 323 453

102 439 206 506 moria
232 460 364 506 sumere
391 442 566 506 inlustrius
592 464 692 527 quarn
720 464 779 525 pro
803 464 870 504 uno
894 441 966 505 cive
990 447 1024 505 et
1046 438 1150 508 bonos
1184 456 1201 506 t

103 547 209 610 omnis
225 547 356 630 privato
375 567 538 609 consensu
563 553 597 610 et
621 547 815 610 universum
838 551 992 609 senatum
1016 545 1150 629 publico

103 649 242 713 consilio
269 658 416 714 mutasse
445 650 594 714 vestem?
623 671 709 734 quae
738 648 875 733 quidem
902 656 976 714 tum
1007 651 1149 714 mutatio

102 774 168 816 non
197 753 440 837 deprecationis
468 761 645 818 causaest
671 753 770 828 facta,
788 752 846 818 sed
868 753 991 817 luctus.
1039 753 1149 832 Quem

103 858 193 921 enim
209 857 433 942 deprecarere,
451 879 526 921 cum
546 878 659 921 omnes
679 865 793 921 essent
815 856 987 932 sordidati,
1005 879 1149 942 eumque

102 961 165 1025 hoc
187 963 267 1026 satis
296 969 385 1027 esset
406 963 495 1047 signi
519 984 590 1026 esse
609 962 796 1046 inprobum,
823 963 882 1046 qui
910 968 1041 1025 mutata
1056 971 1150 1027 veste
1174 978 1203 1024 10

102 1087 170 1129 non
187 1067 298 1131 essct?
343 1067 417 1131 Hac
433 1067 619 1132 mutatione
636 1067 741 1130 vestis
765 1065 855 1130 lacta
877 1073 973 1129 tanto
997 1067 1030 1128 in
1054 1067 1150 1131 luctu

103 1171 250 1234 civitatis
266 1172 386 1235 omitto
403 1170 487 1255 quid
502 1171 558 1234 ille
576 1169 734 1234 tribunus
759 1170 908 1233 omnium
932 1192 1041 1234 rerum
1069 1170 1151 1235 divi-

102 1296 220 1337 narum
236 1275 526 1359 humanarumque
551 1272 675 1358 praedo
691 1273 820 1350 iecerit,
838 1275 897 1358 qui
920 1273 1037 1339 adesse
1061 1275 1150 1340 nobi·

102 1378 245 1442 lissimos
270 1379 514 1455 adulescentes,
531 1377 783 1442 honestissimos
811 1379 943 1463 equites
972 1379 1148 1454 Romanos,

103 1480 332 1565 deprecatores
363 1483 482 1546 salutis
515 1502 606 1545 meae
645 1482 783 1545 iusserit
820 1503 944 1566 eosque
976 1504 1150 1566 operarum
1174 1501 1202 1544 15

101 1606 238 1648 suarum
268 1585 390 1672 gladiis
418 1592 453 1650 et
478 1584 647 1671 lapidibus
679 1585 857 1660 obiecerit3
882 1585 922 1650 de
954 1586 1147 1651 consulibus

102 1690 233 1773 loquor,
251 1711 395 1774 quorum
411 1689 476 1754 fide
493 1710 545 1757 res
562 1688 696 1774 publica
711 1689 775 1753 niti
799 1688 924 1754 debuit.
971 1690 1147 1754 Exanima·
1162 1694 1202 1756 28

101 1800 157 1856 tus
175 1794 287 1858 evolat
301 1816 343 1859 ex
359 1801 479 1858 senatu
496 1815 563 1857 non
579 1793 689 1856 minus
706 1793 901 1878 perturbato
917 1794 1028 1856 animo
1047 1793 1149 1878 atque

102 1899 209 1974 voltu,
227 1921 328 1983 quam
345 1901 373 1964 si
390 1899 486 1963 annis
503 1905 581 1963 ante
599 1899 715 1983 paucis
731 1900 766 1961 in
784 1898 986 1963 creditorum
1009 1920 1150 1962 conven-

102 2012 175 2066 tum
207 2003 400 2079 incidisset3
433 2003 577 2068 advocat
607 2003 807 2076 contionem,
833 2001 935 2066 habet
966 2003 1149 2067 orationem
1173 2019 1203 2064 20

101 2108 204 2171 talem
228 2108 356 2183 consul,
373 2109 509 2192 qualem
532 2128 717 2190 numquam
742 2106 888 2170 Catilina
915 2107 1024 2170 victor
1047 2106 1150 2178 habu-

1053 2256 1151 2264 ...—

135 2337 215 2386 6-11.
250 2338 379 2400 publico
402 2338 543 2396 consilio,
566 2336 616 2399 ‘by
638 2336 705 2386 fines
715 2338 764 2387 hoe
774 2336 864 2386 which
877 2337 899 2386 is
908 2337 1013 2399 subject
1022 2337 1051 2385 oi
1064 2340 1131 2386 esset
1140 2353 1150 2388 .·

102 2415 249 2464 resolution
258 2415 287 2464 oi
294 2429 330 2464 an
338 2414 530 2478 officialbody‚’
544 2413 616 2463 ‘olil-
637 2413 681 2463 for
699 2416 746 2475 qui
761 2437 786 2462 =
800 2415 825 2462 ci
841 2414 903 2474 quic
922 2413 957 2462 cf.
978 2414 1016 2462 11.
1035 2413 1083 2463 27.
1108 2414 1147 2464 26.

102 2490 199 2551 ciallyss
246 2490 478 2552 deprecationis
513 2502 614 2547 causa,
637 2494 735 2546 veste,
743 2490 794 2539 abl.
808 2491 838 2539 oi
848 2489 958 2552 quality.

102 2567 160 2615 sed
183 2566 302 2615 luctus:
325 2567 391 2616 both
415 2567 547 2630 genitives
569 2581 615 2616 are
668 2565 769 2613 12-17.
788 2565 1151 2624 omitto,etc.,lortherhe-

102 2642 235 2705 governed
256 2643 291 2704 hy
305 2657 403 2704 causa;
424 2642 487 2692 ‘not
507 2643 550 2692 for
567 2643 614 2691 the
636 2641 730 2691 torical
740 2641 822 2704 figure
839 2655 883 2691 see
897 2656 933 2691 on
948 2641 969 2691 Ι.
984 2642 1086 2703 14.14;
1103 2643 1149 2692 the

102 2733 218 2781 purpose
241 2719 269 2768 of
295 2724 425 2781 entreaty,
446 2719 550 2768 buton
572 2732 614 2767 ac·
636 2718 1149 2782 thingomittedisstatedintheclause

101 2801 185 2845 count
202 2796 231 2844 of
248 2795 375 2856 sorrow3’
395 2795 484 2844 notice
506 2794 552 2843 the
565 2802 614 2843 not
637 2797 699 2857 qui.
710 2833 716 2845 .
727 2832 733 2844 .
744 2795 880 2857 obiecerit,
890 2795 917 2845 ll.
929 2795 1013 2845 13-16.
1037 2795 1148 2846 adesse

101 2885 266 2921 nncommon
304 2885 417 2934 zeugma
452 2870 479 2918 in
517 2884 611 2920 causa.
636 2872 889 2932 ...iusseriti.·e.‚
903 2872 995 2921 before
1012 2872 1070 2920 hlm
1087 2872 1149 2922 lna

60 2991 62 2995 .
102 2945 202 3005 Quem
210 2945 614 3008 deprecarere‘whornwere
637 2950 734 2999 conn'o.
770 2949 999 3011 deprecatores,
1011 2951 1076 2999 here
1085 2950 1148 3013 only

101 3038 155 3085 you
167 3029 196 3072 to
208 3023 351 3072 entreati'
373 3036 402 3071 as
414 3021 449 3071 all
463 3021 532 3084 loyal
550 3035 612 3070 men
636 3026 701 3074 with
719 3039 735 3074 a
751 3040 810 3088 gen.
825 3026 854 3076 ol
871 3027 919 3075 the
938 3027 1016 3088 thing
1033 3026 1145 3076 desired.

102 3116 171 3150 were
189 3115 337 3160 rnourners,
360 3101 413 3149 ond
433 3101 480 3149 the
500 3099 613 3161 disloyal
636 3114 806 3163 operarum,
816 3117 846 3152 as
856 3103 884 3151 in
897 3103 911 3164 ξ
922 3103 960 3151 18.
970 3102 993 3151 8.
1028 3101 1147 3162 loquor,

101 3184 202 3225 cannot
214 3177 246 3225 he
258 3175 402 3225 addressed
414 3176 481 3224 with
492 3189 610 3237 prayers.
635 3177 753 3239 opposed
765 3183 793 3226 to
801 3179 904 3238 omilin,
914 3176 931 3226 l.
944 3178 982 3227 12.
1017 3176 1093 3226 fide:
1105 3179 1149 3227 for

102 3254 154 3301 For
173 3253 294 3312 number,
314 3252 403 3311 mood‚
417 3252 470 3300 and
490 3258 566 3300 tense
584 3252 614 3300 oi
635 3266 695 3301 case
705 3252 738 3300 A.
753 3253 799 3301 254
811 3252 846 3315 b‚·
863 3251 895 3301 G.
908 3252 964 3312 403,
978 3251 1054 3302 Rern.
1068 3252 1096 3313 33
1110 3251 1144 3301 H.

102 3331 149 3377 the
161 3329 224 3377 verb
236 3329 270 3377 cl.
283 3329 296 3388 ξ
310 3330 348 3377 19.
360 3328 398 3376 16,
434 3339 556 3376 omnes:
574 3341 609 3376 sc.
634 3328 682 3377 425
699 3328 736 3377 Il.
752 3329 764 3376 1
779 3327 816 3390 (1)
830 3334 907 3388 note3
922 3327 953 3379 B.
965 3328 1013 3379 218
1025 3328 1048 3380 3.

102 3405 181 3455 honi:
199 3405 233 3453 cf.
244 3404 260 3453 l.
271 3406 293 3454 5.
325 3415 458 3464 cumque
470 3403 537 3459 hoc,
549 3408 611 3463 etc,
667 3405 680 3465 ἓ
693 3405 732 3454 28.
752 3403 852 3452 18-21.
870 3405 984 3462 evolat,
1004 3404 1145 3467 Gabinius,

103 3479 197 3529 ‘when
210 3482 257 3529 the
269 3485 317 3528 not
329 3480 410 3540 being
422 3480 450 3526 in
468 3478 613 3541 mourning
635 3481 664 3529 oi
680 3481 770 3530 whom
787 3480 852 3542 only
864 3480 958 3531 Cicero
975 3495 1036 3530 nou
1048 3483 1147 3544 speaks

102 3571 155 3605 was
176 3557 233 3618 sign
252 3555 360 3617 enough
373 3556 461 3604 thata
478 3569 540 3604 man
559 3568 613 3604 was
636 3557 663 3604 in
684 3557 754 3618 spite
774 3556 804 3606 oi
825 3557 858 3605 de
879 3556 1034 3606 consulibus
1052 3558 1145 3608 above.

100 3632 231 3694 disloyal.’
267 3632 364 3681 Noticc
375 3631 422 3679 the
434 3645 493 3680 rare
505 3630 613 3680 enclitic
635 3630 723 3678 annis
733 3633 806 3679 ante
818 3631 941 3692 paucis:
959 3631 1002 3680 for
1010 3637 1147 3682 construc-

100 3708 166 3757 and
193 3706 378 3771 conjunction.
428 3706 612 3768 inprobum:
635 3707 694 3754 tlon
722 3706 756 3755 cf.
784 3709 858 3767 post,
879 3711 929 3755 etc.
980 3706 1030 3769 Ep.
1061 3706 1143 3759 XIII.

99 3785 134 3833 ci.
147 3785 199 3834 111.
209 3784 254 3833 28.
264 3784 302 3836 17.
332 3783 386 3844 qui
403 3819 408 3830 .
426 3819 431 3830 .
449 3818 455 3831 .
473 3785 558 3831 esset
569 3783 614 3833 de·
635 3781 662 3830 1.
674 3783 698 3831 3.
733 3781 838 3830 victor
853 3804 879 3831 =
892 3783 918 3832 ai
928 3781 1133 3843 victorsuisset.
