<?xml version="1.0" encoding="UTF-8"?>
<!DOCTYPE html PUBLIC "-//W3C//DTD XHTML 1.0 Transitional//EN"
    "http://www.w3.org/TR/xhtml1/DTD/xhtml1-transitional.dtd">
<html xmlns="http://www.w3.org/1999/xhtml" xml:lang="en" lang="en">
 <head>
  <title>
</title>
<meta http-equiv="Content-Type" content="text/html;charset=utf-8" />
  <meta name='ocr-system' content='tesseract 3.04.00' />
  <meta name='ocr-capabilities' content='ocr_page ocr_carea ocr_par ocr_line ocrx_word'/>
</head>
<body>
  <div class='ocr_page' id='page_1' title='image "./selectedoration00cicegoog_0150.png"; bbox 0 0 2678 4260; ppageno 0'>
   <div class='ocr_carea' id='block_1_1' title="bbox 464 244 1158 325">
    <p class='ocr_par' dir='ltr' id='par_1_1' title="bbox 464 244 1158 325">
     <span class='ocr_line' id='line_1_1' title="bbox 464 244 1158 325; baseline -0.003 -19"><span class='ocrx_word' id='word_1_1' title='bbox 464 252 545 307; x_wconf 77' lang='lat' dir='ltr'>cnr.</span> <span class='ocrx_word' id='word_1_2' title='bbox 569 255 626 325; x_wconf 77' lang='lat' dir='ltr'>s-r,</span> <span class='ocrx_word' id='word_1_3' title='bbox 650 256 664 319; x_wconf 74' lang='lat' dir='ltr'>s</span> <span class='ocrx_word' id='word_1_4' title='bbox 687 256 742 308; x_wconf 74' lang='lat' dir='ltr'>os.</span> <span class='ocrx_word' id='word_1_5' title='bbox 1094 244 1158 314; x_wconf 82' lang='lat'>149</span> 
     </span>
    </p>
   </div>
   <div class='ocr_carea' id='block_1_2' title="bbox 56 423 1220 2493">
    <p class='ocr_par' dir='ltr' id='par_1_2' title="bbox 56 423 1220 2493">
     <span class='ocr_line' id='line_1_2' title="bbox 60 423 1159 515; baseline 0.002 -23"><span class='ocrx_word' id='word_1_6' title='bbox 60 425 133 497; x_wconf 87' lang='lat' dir='ltr'>bere</span> <span class='ocrx_word' id='word_1_7' title='bbox 157 423 311 492; x_wconf 80' lang='lat' dir='ltr'><strong>arbitros.</strong></span> <span class='ocrx_word' id='word_1_8' title='bbox 358 423 443 511; x_wconf 84' lang='lat' dir='ltr'>Nam</span> <span class='ocrx_word' id='word_1_9' title='bbox 474 447 551 492; x_wconf 88' lang='lat' dir='ltr'>cum</span> <span class='ocrx_word' id='word_1_10' title='bbox 574 451 676 515; x_wconf 86' lang='lat' dir='ltr'>grave</span> <span class='ocrx_word' id='word_1_11' title='bbox 707 436 759 494; x_wconf 87' lang='lat' dir='ltr'>est</span> <span class='ocrx_word' id='word_1_12' title='bbox 782 453 860 495; x_wconf 88' lang='lat' dir='ltr'>vere</span> <span class='ocrx_word' id='word_1_13' title='bbox 890 432 1040 496; x_wconf 89' lang='lat' dir='ltr'>accusari</span> <span class='ocrx_word' id='word_1_14' title='bbox 1072 434 1106 497; x_wconf 92' lang='lat' dir='ltr'>in</span> <span class='ocrx_word' id='word_1_15' title='bbox 1129 450 1159 494; x_wconf 80' lang='lat' dir='ltr'>ao</span> 
     </span>
     <span class='ocr_line' id='line_1_3' title="bbox 57 531 1108 624; baseline 0.008 -30"><span class='ocrx_word' id='word_1_16' title='bbox 57 532 215 608; x_wconf 86' lang='lat' dir='ltr'>amicitia,</span> <span class='ocrx_word' id='word_1_17' title='bbox 240 540 324 608; x_wconf 88' lang='lat' dir='ltr'>tum,</span> <span class='ocrx_word' id='word_1_18' title='bbox 347 533 496 598; x_wconf 88' lang='lat' dir='ltr'>etiamsi</span> <span class='ocrx_word' id='word_1_19' title='bbox 521 531 607 597; x_wconf 84' lang='lat' dir='ltr'>falso</span> <span class='ocrx_word' id='word_1_20' title='bbox 627 534 802 610; x_wconf 87' lang='lat' dir='ltr'>accuseris,</span> <span class='ocrx_word' id='word_1_21' title='bbox 828 556 894 598; x_wconf 93' lang='lat' dir='ltr'>non</span> <span class='ocrx_word' id='word_1_22' title='bbox 919 544 972 600; x_wconf 90' lang='lat' dir='ltr'>est</span> <span class='ocrx_word' id='word_1_23' title='bbox 997 537 1108 624; x_wconf 83' lang='lat' dir='ltr'>negle-</span> 
     </span>
     <span class='ocr_line' id='line_1_4' title="bbox 57 635 1107 725; baseline 0.006 -25"><span class='ocrx_word' id='word_1_24' title='bbox 57 635 218 722; x_wconf 85' lang='lat' dir='ltr'>gendum.</span> <span class='ocrx_word' id='word_1_25' title='bbox 280 637 364 723; x_wconf 79' lang='lat' dir='ltr'>ugo,</span> <span class='ocrx_word' id='word_1_26' title='bbox 394 635 465 700; x_wconf 88' lang='lat' dir='ltr'>Ser.</span> <span class='ocrx_word' id='word_1_27' title='bbox 505 636 643 722; x_wconf 85' lang='lat' dir='ltr'>Sulpici,</span> <span class='ocrx_word' id='word_1_28' title='bbox 682 661 734 703; x_wconf 90' lang='lat' dir='ltr'>rne</span> <span class='ocrx_word' id='word_1_29' title='bbox 773 640 808 702; x_wconf 92' lang='lat' dir='ltr'>in</span> <span class='ocrx_word' id='word_1_30' title='bbox 846 641 1009 725; x_wconf 87' lang='lat' dir='ltr'>petitione</span> <span class='ocrx_word' id='word_1_31' title='bbox 1048 649 1107 706; x_wconf 86' lang='lat' dir='ltr'>tua</span> 
     </span>
     <span class='ocr_line' id='line_1_5' title="bbox 58 740 1108 827; baseline 0.005 -24"><span class='ocrx_word' id='word_1_32' title='bbox 58 740 117 805; x_wconf 94' lang='lat' dir='ltr'>tibi</span> <span class='ocrx_word' id='word_1_33' title='bbox 157 742 270 804; x_wconf 85' lang='lat' dir='ltr'>omnia</span> <span class='ocrx_word' id='word_1_34' title='bbox 298 740 411 805; x_wconf 90' lang='lat' dir='ltr'>studia</span> <span class='ocrx_word' id='word_1_35' title='bbox 448 748 551 826; x_wconf 91' lang='lat' dir='ltr'>atque</span> <span class='ocrx_word' id='word_1_36' title='bbox 590 741 697 806; x_wconf 90' lang='lat' dir='ltr'>officia</span> <span class='ocrx_word' id='word_1_37' title='bbox 727 766 787 827; x_wconf 92' lang='lat' dir='ltr'>pro</span> <span class='ocrx_word' id='word_1_38' title='bbox 824 752 938 808; x_wconf 86' lang='lat' dir='ltr'>nostra</span> <span class='ocrx_word' id='word_1_39' title='bbox 968 746 1108 810; x_wconf 90' lang='lat' dir='ltr'>necessi·</span> 
     </span>
     <span class='ocr_line' id='line_1_6' title="bbox 57 842 1105 931; baseline 0.007 -25"><span class='ocrx_word' id='word_1_40' title='bbox 57 842 177 908; x_wconf 89' lang='lat' dir='ltr'>tudine</span> <span class='ocrx_word' id='word_1_41' title='bbox 208 851 248 908; x_wconf 85' lang='lat' dir='ltr'>et</span> <span class='ocrx_word' id='word_1_42' title='bbox 273 843 427 911; x_wconf 84' lang='lat' dir='ltr'>debuisse</span> <span class='ocrx_word' id='word_1_43' title='bbox 459 845 620 910; x_wconf 86' lang='lat' dir='ltr'>confiteor</span> <span class='ocrx_word' id='word_1_44' title='bbox 650 853 685 910; x_wconf 90' lang='lat' dir='ltr'>et</span> <span class='ocrx_word' id='word_1_45' title='bbox 715 849 922 931; x_wconf 77' lang='lat' dir='ltr'>praestitisse</span> <span class='ocrx_word' id='word_1_46' title='bbox 954 848 1105 913; x_wconf 79' lang='lat' dir='ltr'>arbitror.</span> 
     </span>
     <span class='ocr_line' id='line_1_7' title="bbox 57 946 1158 1038; baseline 0.006 -28"><span class='ocrx_word' id='word_1_47' title='bbox 57 946 154 1011; x_wconf 93' lang='lat' dir='ltr'>Nihil</span> <span class='ocrx_word' id='word_1_48' title='bbox 192 947 254 1013; x_wconf 92' lang='lat' dir='ltr'>tibi</span> <span class='ocrx_word' id='word_1_49' title='bbox 291 949 505 1013; x_wconf 88' lang='lat' dir='ltr'>consulatum</span> <span class='ocrx_word' id='word_1_50' title='bbox 541 951 670 1034; x_wconf 89' lang='lat' dir='ltr'>petenti</span> <span class='ocrx_word' id='word_1_51' title='bbox 708 973 727 1013; x_wconf 89' lang='lat' dir='ltr'>a</span> <span class='ocrx_word' id='word_1_52' title='bbox 757 974 808 1016; x_wconf 87' lang='lat' dir='ltr'>rne</span> <span class='ocrx_word' id='word_1_53' title='bbox 847 951 967 1029; x_wconf 88' lang='lat' dir='ltr'>defuit,</span> <span class='ocrx_word' id='word_1_54' title='bbox 1001 953 1094 1038; x_wconf 93' lang='lat' dir='ltr'>quod</span> <span class='ocrx_word' id='word_1_55' title='bbox 1129 970 1158 1016; x_wconf 77' lang='lat' dir='ltr'>so</span> 
     </span>
     <span class='ocr_line' id='line_1_8' title="bbox 57 1048 1220 1141; baseline 0.006 -25"><span class='ocrx_word' id='word_1_56' title='bbox 57 1060 158 1117; x_wconf 68' lang='lat' dir='ltr'>esset</span> <span class='ocrx_word' id='word_1_57' title='bbox 177 1059 238 1117; x_wconf 84' lang='lat' dir='ltr'>aut</span> <span class='ocrx_word' id='word_1_58' title='bbox 272 1052 314 1116; x_wconf 84' lang='lat' dir='ltr'>ab</span> <span class='ocrx_word' id='word_1_59' title='bbox 350 1054 456 1117; x_wconf 85' lang='lat' dir='ltr'>amico</span> <span class='ocrx_word' id='word_1_60' title='bbox 493 1061 554 1118; x_wconf 86' lang='lat' dir='ltr'>aut</span> <span class='ocrx_word' id='word_1_61' title='bbox 583 1076 603 1117; x_wconf 85' lang='lat' dir='ltr'>a</span> <span class='ocrx_word' id='word_1_62' title='bbox 639 1056 786 1141; x_wconf 83' lang='lat' dir='ltr'>gratioso</span> <span class='ocrx_word' id='word_1_63' title='bbox 824 1064 884 1120; x_wconf 87' lang='lat' dir='ltr'>aut</span> <span class='ocrx_word' id='word_1_64' title='bbox 921 1078 940 1119; x_wconf 84' lang='lat' dir='ltr'>a</span> <span class='ocrx_word' id='word_1_65' title='bbox 970 1058 1106 1123; x_wconf 86' lang='lat' dir='ltr'>consule</span> <span class='ocrx_word' id='word_1_66' title='bbox 1144 1048 1145 1052; x_wconf 25' lang='lat'>¹</span> <span class='ocrx_word' id='word_1_67' title='bbox 1216 1105 1220 1113; x_wconf 83' lang='lat'><em>-</em></span> 
     </span>
     <span class='ocr_line' id='line_1_9' title="bbox 57 1155 1104 1242; baseline 0.005 -22"><span class='ocrx_word' id='word_1_68' title='bbox 57 1155 308 1241; x_wconf 86' lang='lat' dir='ltr'>postulandum.</span> <span class='ocrx_word' id='word_1_69' title='bbox 355 1156 453 1221; x_wconf 87' lang='lat' dir='ltr'>Abiit</span> <span class='ocrx_word' id='word_1_70' title='bbox 479 1156 565 1220; x_wconf 89' lang='lat' dir='ltr'>illud</span> <span class='ocrx_word' id='word_1_71' title='bbox 592 1165 747 1242; x_wconf 82' lang='lat' dir='ltr'>tompus3</span> <span class='ocrx_word' id='word_1_72' title='bbox 779 1167 909 1224; x_wconf 87' lang='lat' dir='ltr'>mutata</span> <span class='ocrx_word' id='word_1_73' title='bbox 936 1161 1021 1224; x_wconf 84' lang='lat' dir='ltr'>ratio</span> <span class='ocrx_word' id='word_1_74' title='bbox 1044 1169 1104 1225; x_wconf 90' lang='lat' dir='ltr'>est.</span> 
     </span>
     <span class='ocr_line' id='line_1_10' title="bbox 57 1259 1107 1345; baseline 0.005 -22"><span class='ocrx_word' id='word_1_75' title='bbox 57 1259 112 1325; x_wconf 89' lang='lat' dir='ltr'>Sic</span> <span class='ocrx_word' id='word_1_76' title='bbox 136 1261 304 1336; x_wconf 68' lang='lat' dir='ltr'>existima</span> <span class='ocrx_word' id='word_1_77' title='bbox 328 1261 377 1325; x_wconf 87' lang='lat' dir='ltr'>sic</span> <span class='ocrx_word' id='word_1_78' title='bbox 400 1260 481 1324; x_wconf 92' lang='lat' dir='ltr'>mihi</span> <span class='ocrx_word' id='word_1_79' title='bbox 512 1261 705 1345; x_wconf 83' lang='lat' dir='ltr'>persuadeo,</span> <span class='ocrx_word' id='word_1_80' title='bbox 730 1285 782 1326; x_wconf 90' lang='lat' dir='ltr'>rne</span> <span class='ocrx_word' id='word_1_81' title='bbox 815 1263 874 1327; x_wconf 92' lang='lat' dir='ltr'>tibi</span> <span class='ocrx_word' id='word_1_82' title='bbox 906 1271 1022 1327; x_wconf 87' lang='lat' dir='ltr'>contra</span> <span class='ocrx_word' id='word_1_83' title='bbox 1052 1264 1107 1328; x_wconf 83' lang='lat' dir='ltr'>ho</span> 
     </span>
     <span class='ocr_line' id='line_1_11' title="bbox 57 1365 1106 1452; baseline 0.006 -24"><span class='ocrx_word' id='word_1_84' title='bbox 57 1387 172 1430; x_wconf 88' lang='lat' dir='ltr'>norem</span> <span class='ocrx_word' id='word_1_85' title='bbox 198 1366 233 1433; x_wconf 88' lang='lat' dir='ltr'>L.</span> <span class='ocrx_word' id='word_1_86' title='bbox 253 1365 424 1442; x_wconf 85' lang='lat' dir='ltr'>Murenae,</span> <span class='ocrx_word' id='word_1_87' title='bbox 442 1374 607 1451; x_wconf 90' lang='lat' dir='ltr'>quantum</span> <span class='ocrx_word' id='word_1_88' title='bbox 631 1375 669 1431; x_wconf 84' lang='lat' dir='ltr'>tu</span> <span class='ocrx_word' id='word_1_89' title='bbox 692 1389 712 1430; x_wconf 91' lang='lat' dir='ltr'>a</span> <span class='ocrx_word' id='word_1_90' title='bbox 735 1391 786 1432; x_wconf 89' lang='lat' dir='ltr'>me</span> <span class='ocrx_word' id='word_1_91' title='bbox 810 1369 979 1452; x_wconf 89' lang='lat' dir='ltr'>postulare</span> <span class='ocrx_word' id='word_1_92' title='bbox 1004 1390 1106 1434; x_wconf 88' lang='lat' dir='ltr'>ausus</span> 
     </span>
     <span class='ocr_line' id='line_1_12' title="bbox 56 1469 1158 1547; baseline 0.001 -14"><span class='ocrx_word' id='word_1_93' title='bbox 56 1471 113 1547; x_wconf 91' lang='lat' dir='ltr'>sis,</span> <span class='ocrx_word' id='word_1_94' title='bbox 153 1477 284 1535; x_wconf 83' lang='lat' dir='ltr'>tanturn</span> <span class='ocrx_word' id='word_1_95' title='bbox 323 1469 487 1547; x_wconf 84' lang='lat' dir='ltr'>debuisse,</span> <span class='ocrx_word' id='word_1_96' title='bbox 526 1479 641 1535; x_wconf 88' lang='lat' dir='ltr'>contra</span> <span class='ocrx_word' id='word_1_97' title='bbox 678 1472 822 1536; x_wconf 86' lang='lat' dir='ltr'>salutern</span> <span class='ocrx_word' id='word_1_98' title='bbox 860 1471 944 1535; x_wconf 91' lang='lat' dir='ltr'>nihil</span> <span class='ocrx_word' id='word_1_99' title='bbox 976 1471 1105 1538; x_wconf 89' lang='lat' dir='ltr'>debere.</span> <span class='ocrx_word' id='word_1_100' title='bbox 1128 1489 1158 1534; x_wconf 79' lang='lat'>40</span> 
     </span>
     <span class='ocr_line' id='line_1_13' title="bbox 57 1573 1157 1660; baseline 0.005 -23"><span class='ocrx_word' id='word_1_101' title='bbox 57 1573 179 1659; x_wconf 90' lang='lat' dir='ltr'>Neque</span> <span class='ocrx_word' id='word_1_102' title='bbox 217 1574 316 1651; x_wconf 80' lang='lat' dir='ltr'>eninr,</span> <span class='ocrx_word' id='word_1_103' title='bbox 348 1573 390 1639; x_wconf 54' lang='lat' dir='ltr'>si‘</span> <span class='ocrx_word' id='word_1_104' title='bbox 408 1574 469 1639; x_wconf 91' lang='lat' dir='ltr'>tibi</span> <span class='ocrx_word' id='word_1_105' title='bbox 501 1582 585 1652; x_wconf 89' lang='lat' dir='ltr'>tum,</span> <span class='ocrx_word' id='word_1_106' title='bbox 616 1598 691 1640; x_wconf 90' lang='lat' dir='ltr'>curn</span> <span class='ocrx_word' id='word_1_107' title='bbox 724 1583 853 1660; x_wconf 90' lang='lat' dir='ltr'>peteres</span> <span class='ocrx_word' id='word_1_108' title='bbox 884 1576 1107 1653; x_wconf 85' lang='lat' dir='ltr'>consulatum,</span> <span class='ocrx_word' id='word_1_109' title='bbox 1136 1579 1157 1642; x_wconf 89' lang='lat'>8</span> 
     </span>
     <span class='ocr_line' id='line_1_14' title="bbox 56 1676 1107 1765; baseline 0.002 -23"><span class='ocrx_word' id='word_1_110' title='bbox 56 1676 164 1755; x_wconf 85' lang='lat' dir='ltr'>adfui,</span> <span class='ocrx_word' id='word_1_111' title='bbox 202 1699 292 1742; x_wconf 91' lang='lat' dir='ltr'>nunc</span> <span class='ocrx_word' id='word_1_112' title='bbox 335 1699 413 1743; x_wconf 90' lang='lat' dir='ltr'>cum</span> <span class='ocrx_word' id='word_1_113' title='bbox 457 1677 636 1744; x_wconf 87' lang='lat' dir='ltr'>Murenam</span> <span class='ocrx_word' id='word_1_114' title='bbox 677 1681 786 1765; x_wconf 91' lang='lat' dir='ltr'>ipsum</span> <span class='ocrx_word' id='word_1_115' title='bbox 829 1687 933 1764; x_wconf 87' lang='lat' dir='ltr'>petas,</span> <span class='ocrx_word' id='word_1_116' title='bbox 973 1679 1107 1744; x_wconf 87' lang='lat' dir='ltr'>adiutor</span> 
     </span>
     <span class='ocr_line' id='line_1_15' title="bbox 56 1782 1106 1868; baseline 0.001 -21"><span class='ocrx_word' id='word_1_117' title='bbox 56 1782 176 1848; x_wconf 89' lang='lat' dir='ltr'>eodem</span> <span class='ocrx_word' id='word_1_118' title='bbox 198 1791 296 1867; x_wconf 89' lang='lat' dir='ltr'>pacto</span> <span class='ocrx_word' id='word_1_119' title='bbox 318 1804 390 1848; x_wconf 88' lang='lat' dir='ltr'>esse</span> <span class='ocrx_word' id='word_1_120' title='bbox 414 1782 529 1847; x_wconf 79' lang='lat' dir='ltr'>debeo</span> <span class='ocrx_word' id='word_1_121' title='bbox 578 1783 692 1868; x_wconf 85' lang='lat' dir='ltr'>Atque</span> <span class='ocrx_word' id='word_1_122' title='bbox 724 1784 785 1848; x_wconf 89' lang='lat' dir='ltr'>hoc</span> <span class='ocrx_word' id='word_1_123' title='bbox 809 1804 875 1847; x_wconf 89' lang='lat' dir='ltr'>non</span> <span class='ocrx_word' id='word_1_124' title='bbox 908 1782 1006 1851; x_wconf 91' lang='lat' dir='ltr'>modo</span> <span class='ocrx_word' id='word_1_125' title='bbox 1037 1784 1106 1848; x_wconf 86' lang='lat' dir='ltr'>lau-</span> 
     </span>
     <span class='ocr_line' id='line_1_16' title="bbox 57 1887 1106 1973; baseline 0.001 -22"><span class='ocrx_word' id='word_1_126' title='bbox 57 1887 140 1965; x_wconf 85' lang='lat' dir='ltr'>dari,</span> <span class='ocrx_word' id='word_1_127' title='bbox 165 1887 225 1952; x_wconf 90' lang='lat' dir='ltr'>sed</span> <span class='ocrx_word' id='word_1_128' title='bbox 254 1910 296 1953; x_wconf 88' lang='lat' dir='ltr'>ne</span> <span class='ocrx_word' id='word_1_129' title='bbox 328 1887 466 1952; x_wconf 90' lang='lat' dir='ltr'>concedi</span> <span class='ocrx_word' id='word_1_130' title='bbox 496 1888 633 1972; x_wconf 88' lang='lat' dir='ltr'>quidem</span> <span class='ocrx_word' id='word_1_131' title='bbox 664 1896 784 1973; x_wconf 90' lang='lat' dir='ltr'>potest,</span> <span class='ocrx_word' id='word_1_132' title='bbox 817 1895 857 1952; x_wconf 87' lang='lat' dir='ltr'>ut</span> <span class='ocrx_word' id='word_1_133' title='bbox 886 1888 1000 1952; x_wconf 90' lang='lat' dir='ltr'>amicis</span> <span class='ocrx_word' id='word_1_134' title='bbox 1034 1909 1106 1952; x_wconf 90' lang='lat' dir='ltr'>nos-</span> 
     </span>
     <span class='ocr_line' id='line_1_17' title="bbox 58 1991 1157 2058; baseline -0.001 -2"><span class='ocrx_word' id='word_1_135' title='bbox 58 1993 120 2057; x_wconf 89' lang='lat' dir='ltr'>tris</span> <span class='ocrx_word' id='word_1_136' title='bbox 145 1991 379 2058; x_wconf 84' lang='lat' dir='ltr'>accusantibus</span> <span class='ocrx_word' id='word_1_137' title='bbox 404 2013 471 2056; x_wconf 88' lang='lat' dir='ltr'>non</span> <span class='ocrx_word' id='word_1_138' title='bbox 502 1993 603 2057; x_wconf 89' lang='lat' dir='ltr'>etiam</span> <span class='ocrx_word' id='word_1_139' title='bbox 625 1993 844 2057; x_wconf 84' lang='lat' dir='ltr'>alienissimos</span> <span class='ocrx_word' id='word_1_140' title='bbox 876 1991 1104 2057; x_wconf 83' lang='lat' dir='ltr'>defendamus.</span> <span class='ocrx_word' id='word_1_141' title='bbox 1126 2009 1157 2055; x_wconf 73' lang='lat' dir='ltr'>so</span> 
     </span>
     <span class='ocr_line' id='line_1_18' title="bbox 57 2096 1104 2184; baseline 0.002 -24"><span class='ocrx_word' id='word_1_142' title='bbox 57 2115 108 2162; x_wconf 77' lang='grc' dir='ltr'>Ν.</span> <span class='ocrx_word' id='word_1_143' title='bbox 148 2097 234 2162; x_wconf 92' lang='lat' dir='ltr'>Mihi</span> <span class='ocrx_word' id='word_1_144' title='bbox 271 2105 385 2162; x_wconf 87' lang='lat' dir='ltr'>antem</span> <span class='ocrx_word' id='word_1_145' title='bbox 423 2118 500 2162; x_wconf 89' lang='lat' dir='ltr'>cum</span> <span class='ocrx_word' id='word_1_146' title='bbox 539 2096 690 2173; x_wconf 88' lang='lat' dir='ltr'>Murena,</span> <span class='ocrx_word' id='word_1_147' title='bbox 730 2096 867 2173; x_wconf 88' lang='lat' dir='ltr'>iudices,</span> <span class='ocrx_word' id='word_1_148' title='bbox 907 2104 943 2161; x_wconf 89' lang='lat' dir='ltr'>et</span> <span class='ocrx_word' id='word_1_149' title='bbox 984 2118 1104 2184; x_wconf 85' lang='lat' dir='ltr'>magna</span> 
     </span>
     <span class='ocr_line' id='line_1_19' title="bbox 56 2200 1103 2286; baseline -0.001 -19"><span class='ocrx_word' id='word_1_150' title='bbox 56 2210 93 2267; x_wconf 90' lang='lat' dir='ltr'>et</span> <span class='ocrx_word' id='word_1_151' title='bbox 122 2210 222 2268; x_wconf 87' lang='lat' dir='ltr'>vetus</span> <span class='ocrx_word' id='word_1_152' title='bbox 259 2202 406 2266; x_wconf 88' lang='lat' dir='ltr'>amicitia</span> <span class='ocrx_word' id='word_1_153' title='bbox 442 2208 504 2277; x_wconf 89' lang='lat' dir='ltr'>est,</span> <span class='ocrx_word' id='word_1_154' title='bbox 538 2223 623 2286; x_wconf 90' lang='lat' dir='ltr'>qnae</span> <span class='ocrx_word' id='word_1_155' title='bbox 662 2203 697 2265; x_wconf 92' lang='lat' dir='ltr'>in</span> <span class='ocrx_word' id='word_1_156' title='bbox 734 2202 852 2286; x_wconf 89' lang='lat' dir='ltr'>capitis</span> <span class='ocrx_word' id='word_1_157' title='bbox 890 2200 1103 2266; x_wconf 84' lang='lat' dir='ltr'>dimicatione</span> 
     </span>
     <span class='ocr_line' id='line_1_20' title="bbox 56 2304 1104 2392; baseline -0.001 -21"><span class='ocrx_word' id='word_1_158' title='bbox 56 2329 76 2371; x_wconf 89' lang='lat' dir='ltr'>a</span> <span class='ocrx_word' id='word_1_159' title='bbox 107 2305 178 2372; x_wconf 87' lang='lat' dir='ltr'>Ser.</span> <span class='ocrx_word' id='word_1_160' title='bbox 201 2305 351 2392; x_wconf 86' lang='lat' dir='ltr'>Sulpicio</span> <span class='ocrx_word' id='word_1_161' title='bbox 372 2327 439 2369; x_wconf 90' lang='lat' dir='ltr'>non</span> <span class='ocrx_word' id='word_1_162' title='bbox 461 2304 585 2369; x_wconf 90' lang='lat' dir='ltr'>idcirco</span> <span class='ocrx_word' id='word_1_163' title='bbox 609 2305 777 2382; x_wconf 91' lang='lat' dir='ltr'>obruetur,</span> <span class='ocrx_word' id='word_1_164' title='bbox 803 2304 895 2390; x_wconf 92' lang='lat' dir='ltr'>quod</span> <span class='ocrx_word' id='word_1_165' title='bbox 920 2305 963 2370; x_wconf 88' lang='lat' dir='ltr'>ab</span> <span class='ocrx_word' id='word_1_166' title='bbox 988 2304 1104 2370; x_wconf 90' lang='lat' dir='ltr'>eodem</span> 
     </span>
     <span class='ocr_line' id='line_1_21' title="bbox 56 2409 1105 2493; baseline -0.002 -19"><span class='ocrx_word' id='word_1_167' title='bbox 56 2413 92 2474; x_wconf 93' lang='lat' dir='ltr'>in</span> <span class='ocrx_word' id='word_1_168' title='bbox 116 2410 251 2475; x_wconf 88' lang='lat' dir='ltr'>honoris</span> <span class='ocrx_word' id='word_1_169' title='bbox 274 2410 488 2476; x_wconf 89' lang='lat' dir='ltr'>contentione</span> <span class='ocrx_word' id='word_1_170' title='bbox 519 2418 676 2493; x_wconf 90' lang='lat' dir='ltr'>superata</span> <span class='ocrx_word' id='word_1_171' title='bbox 699 2418 761 2474; x_wconf 89' lang='lat' dir='ltr'>est.</span> <span class='ocrx_word' id='word_1_172' title='bbox 820 2409 915 2489; x_wconf 79' lang='lat' dir='ltr'>Quae</span> <span class='ocrx_word' id='word_1_173' title='bbox 945 2410 973 2474; x_wconf 91' lang='lat' dir='ltr'>si</span> <span class='ocrx_word' id='word_1_174' title='bbox 1004 2431 1105 2474; x_wconf 87' lang='lat' dir='ltr'>causa</span> 
     </span>
    </p>
   </div>
   <div class='ocr_carea' id='block_1_3' title="bbox 55 2572 1106 3781">
    <p class='ocr_par' dir='ltr' id='par_1_3' title="bbox 55 2572 1106 3781">
     <span class='ocr_line' id='line_1_22' title="bbox 56 2572 1105 2646; baseline 0 -16"><span class='ocrx_word' id='word_1_175' title='bbox 56 2580 206 2632; x_wconf 78' lang='lat' dir='ltr'>translated</span> <span class='ocrx_word' id='word_1_176' title='bbox 217 2582 253 2645; x_wconf 85' lang='lat' dir='ltr'>hy</span> <span class='ocrx_word' id='word_1_177' title='bbox 265 2583 311 2632; x_wconf 88' lang='lat' dir='ltr'>the</span> <span class='ocrx_word' id='word_1_178' title='bbox 324 2581 471 2631; x_wconf 83' lang='lat' dir='ltr'>infinitives</span> <span class='ocrx_word' id='word_1_179' title='bbox 483 2572 512 2629; x_wconf 82' lang='lat' dir='ltr'>ol</span> <span class='ocrx_word' id='word_1_180' title='bbox 525 2581 571 2630; x_wconf 90' lang='lat' dir='ltr'>the</span> <span class='ocrx_word' id='word_1_181' title='bbox 627 2580 683 2638; x_wconf 65' lang='lat'>58.</span> <span class='ocrx_word' id='word_1_182' title='bbox 714 2580 815 2646; x_wconf 78' lang='lat'>42‚4³.</span> <span class='ocrx_word' id='word_1_183' title='bbox 833 2581 958 2630; x_wconf 82' lang='lat' dir='ltr'>adiutor</span> <span class='ocrx_word' id='word_1_184' title='bbox 1001 2594 1105 2631; x_wconf 84' lang='lat' dir='ltr'>esee:</span> 
     </span>
     <span class='ocr_line' id='line_1_23' title="bbox 56 2656 1103 2724; baseline 0 -16"><span class='ocrx_word' id='word_1_185' title='bbox 56 2658 269 2722; x_wconf 80' lang='lat' dir='ltr'>correspondlng</span> <span class='ocrx_word' id='word_1_186' title='bbox 284 2657 396 2722; x_wconf 81' lang='lat' dir='ltr'>English</span> <span class='ocrx_word' id='word_1_187' title='bbox 409 2658 494 2706; x_wconf 82' lang='lat' dir='ltr'>verbs.</span> <span class='ocrx_word' id='word_1_188' title='bbox 527 2656 569 2706; x_wconf 79' lang='lat' dir='ltr'>ct.</span> <span class='ocrx_word' id='word_1_189' title='bbox 595 2659 722 2708; x_wconf 81' lang='lat' dir='ltr'>translate</span> <span class='ocrx_word' id='word_1_190' title='bbox 745 2672 775 2707; x_wconf 82' lang='lat' dir='ltr'>as</span> <span class='ocrx_word' id='word_1_191' title='bbox 797 2658 915 2707; x_wconf 86' lang='lat' dir='ltr'>directed</span> <span class='ocrx_word' id='word_1_192' title='bbox 934 2672 970 2708; x_wconf 91' lang='lat' dir='ltr'>on</span> <span class='ocrx_word' id='word_1_193' title='bbox 990 2656 1041 2724; x_wconf 63' lang='lat'>53.</span> <span class='ocrx_word' id='word_1_194' title='bbox 1059 2660 1103 2708; x_wconf 91' lang='lat'><strong>·18.</strong></span> 
     </span>
     <span class='ocr_line' id='line_1_24' title="bbox 56 2733 1103 2793; baseline -0.002 -9"><span class='ocrx_word' id='word_1_195' title='bbox 56 2735 105 2784; x_wconf 87' lang='lat' dir='ltr'>the</span> <span class='ocrx_word' id='word_1_196' title='bbox 117 2740 181 2785; x_wconf 89' lang='lat' dir='ltr'>note</span> <span class='ocrx_word' id='word_1_197' title='bbox 192 2749 227 2783; x_wconf 91' lang='lat' dir='ltr'>on</span> <span class='ocrx_word' id='word_1_198' title='bbox 239 2734 252 2792; x_wconf 64' lang='grc' dir='ltr'><strong><em>ἦ</em></strong></span> <span class='ocrx_word' id='word_1_199' title='bbox 264 2735 288 2784; x_wconf 88' lang='grc'>3.</span> <span class='ocrx_word' id='word_1_200' title='bbox 303 2735 341 2783; x_wconf 84' lang='grc'>18.</span> <span class='ocrx_word' id='word_1_201' title='bbox 594 2746 657 2782; x_wconf 90' lang='lat' dir='ltr'>non</span> <span class='ocrx_word' id='word_1_202' title='bbox 674 2733 769 2784; x_wconf 85' lang='lat' dir='ltr'>modo</span> <span class='ocrx_word' id='word_1_203' title='bbox 787 2733 850 2792; x_wconf 81' lang='lat' dir='ltr'>sed,</span> <span class='ocrx_word' id='word_1_204' title='bbox 863 2740 928 2783; x_wconf 83' lang='lat' dir='ltr'>etc:</span> <span class='ocrx_word' id='word_1_205' title='bbox 945 2748 990 2783; x_wconf 89' lang='lat' dir='ltr'>see</span> <span class='ocrx_word' id='word_1_206' title='bbox 1006 2748 1042 2782; x_wconf 89' lang='lat' dir='ltr'>on</span> <span class='ocrx_word' id='word_1_207' title='bbox 1056 2735 1103 2793; x_wconf 77' lang='lat'>11,</span> 
     </span>
     <span class='ocr_line' id='line_1_25' title="bbox 88 2808 737 2869; baseline 0.003 -11"><span class='ocrx_word' id='word_1_208' title='bbox 88 2810 136 2859; x_wconf 74' lang='lat'>³1„</span> <span class='ocrx_word' id='word_1_209' title='bbox 153 2810 325 2860; x_wconf 74' lang='lat' dir='ltr'>accuseris:</span> <span class='ocrx_word' id='word_1_210' title='bbox 354 2810 398 2860; x_wconf 78' lang='lat' dir='ltr'>for</span> <span class='ocrx_word' id='word_1_211' title='bbox 422 2808 511 2869; x_wconf 83' lang='lat' dir='ltr'>moed,</span> <span class='ocrx_word' id='word_1_212' title='bbox 535 2809 569 2858; x_wconf 80' lang='lat' dir='ltr'>A.</span> <span class='ocrx_word' id='word_1_213' title='bbox 593 2810 737 2860; x_wconf 74' lang='lat'><strong>20.35-36.</strong></span> 
     </span>
     <span class='ocr_line' id='line_1_26' title="bbox 55 2884 570 2948; baseline -0.008 -10"><span class='ocrx_word' id='word_1_214' title='bbox 55 2888 161 2939; x_wconf 68' lang='lat' dir='ltr'>tolla:</span> <span class='ocrx_word' id='word_1_215' title='bbox 182 2884 570 2948; x_wconf 76' lang='lat' dir='ltr'>G.5o·1.·3;11.oos.5(2);</span> 
     </span>
     <span class='ocr_line' id='line_1_27' title="bbox 58 2959 1104 3029; baseline -0.01 -10"><span class='ocrx_word' id='word_1_216' title='bbox 58 2966 91 3018; x_wconf 93' lang='lat' dir='ltr'>B.</span> <span class='ocrx_word' id='word_1_217' title='bbox 115 2967 167 3019; x_wconf 82' lang='lat'>302</span> <span class='ocrx_word' id='word_1_218' title='bbox 185 2967 219 3029; x_wconf 79' lang='lat'>2;</span> <span class='ocrx_word' id='word_1_219' title='bbox 244 2964 288 3017; x_wconf 86' lang='lat' dir='ltr'>for</span> <span class='ocrx_word' id='word_1_220' title='bbox 308 2964 358 3017; x_wconf 90' lang='lat' dir='ltr'>the</span> <span class='ocrx_word' id='word_1_221' title='bbox 374 2962 569 3027; x_wconf 82' lang='lat' dir='ltr'>termination,</span> <span class='ocrx_word' id='word_1_222' title='bbox 624 2960 649 3008; x_wconf 84' lang='lat'>2.</span> <span class='ocrx_word' id='word_1_223' title='bbox 677 2959 791 3021; x_wconf 84' lang='lat' dir='ltr'>capitis</span> <span class='ocrx_word' id='word_1_224' title='bbox 825 2959 1033 3016; x_wconf 81' lang='lat' dir='ltr'>dimicatione,</span> <span class='ocrx_word' id='word_1_225' title='bbox 1059 2960 1104 3009; x_wconf 87' lang='lat' dir='ltr'>‘in</span> 
     </span>
     <span class='ocr_line' id='line_1_28' title="bbox 56 3034 1102 3100; baseline -0.004 -12"><span class='ocrx_word' id='word_1_226' title='bbox 56 3041 117 3099; x_wconf 80' lang='lat' dir='ltr'>-rie,</span> <span class='ocrx_word' id='word_1_227' title='bbox 147 3052 192 3088; x_wconf 86' lang='lat' dir='ltr'>see</span> <span class='ocrx_word' id='word_1_228' title='bbox 224 3038 257 3095; x_wconf 84' lang='lat'>1..</span> <span class='ocrx_word' id='word_1_229' title='bbox 285 3039 330 3087; x_wconf 71' lang='lat'>22</span> <span class='ocrx_word' id='word_1_230' title='bbox 364 3039 403 3100; x_wconf 88' lang='lat'>10,</span> <span class='ocrx_word' id='word_1_231' title='bbox 437 3038 491 3087; x_wconf 84' lang='lat' dir='ltr'>and</span> <span class='ocrx_word' id='word_1_232' title='bbox 525 3038 570 3087; x_wconf 88' lang='lat' dir='ltr'>tell</span> <span class='ocrx_word' id='word_1_233' title='bbox 592 3036 737 3098; x_wconf 84' lang='lat' dir='ltr'>astruggle</span> <span class='ocrx_word' id='word_1_234' title='bbox 754 3036 797 3084; x_wconf 82' lang='lat' dir='ltr'>for</span> <span class='ocrx_word' id='word_1_235' title='bbox 808 3035 850 3083; x_wconf 90' lang='lat' dir='ltr'>his</span> <span class='ocrx_word' id='word_1_236' title='bbox 867 3034 928 3083; x_wconf 90' lang='lat' dir='ltr'>civil</span> <span class='ocrx_word' id='word_1_237' title='bbox 946 3035 1102 3084; x_wconf 83' lang='lat' dir='ltr'>existence’</span> 
     </span>
     <span class='ocr_line' id='line_1_29' title="bbox 57 3112 1102 3174; baseline -0.005 -9"><span class='ocrx_word' id='word_1_238' title='bbox 57 3116 180 3165; x_wconf 83' lang='lat' dir='ltr'>whether</span> <span class='ocrx_word' id='word_1_239' title='bbox 191 3115 245 3164; x_wconf 87' lang='lat' dir='ltr'>this</span> <span class='ocrx_word' id='word_1_240' title='bbox 257 3115 280 3165; x_wconf 86' lang='lat' dir='ltr'>is</span> <span class='ocrx_word' id='word_1_241' title='bbox 297 3129 332 3164; x_wconf 88' lang='lat' dir='ltr'>an</span> <span class='ocrx_word' id='word_1_242' title='bbox 351 3114 515 3164; x_wconf 84' lang='lat' dir='ltr'>illustration</span> <span class='ocrx_word' id='word_1_243' title='bbox 531 3115 569 3174; x_wconf 79' lang='lat' dir='ltr'>of,</span> <span class='ocrx_word' id='word_1_244' title='bbox 594 3112 645 3160; x_wconf 80' lang='lat' dir='ltr'>For</span> <span class='ocrx_word' id='word_1_245' title='bbox 656 3113 711 3162; x_wconf 89' lang='lat' dir='ltr'>this</span> <span class='ocrx_word' id='word_1_246' title='bbox 723 3126 800 3162; x_wconf 90' lang='lat' dir='ltr'>sense</span> <span class='ocrx_word' id='word_1_247' title='bbox 811 3112 841 3160; x_wconf 87' lang='lat' dir='ltr'>ol</span> <span class='ocrx_word' id='word_1_248' title='bbox 859 3115 951 3172; x_wconf 77' lang='lat' dir='ltr'>caput,</span> <span class='ocrx_word' id='word_1_249' title='bbox 966 3127 1009 3161; x_wconf 85' lang='lat' dir='ltr'>see</span> <span class='ocrx_word' id='word_1_250' title='bbox 1023 3127 1048 3173; x_wconf 85' lang='lat' dir='ltr'>p.</span> <span class='ocrx_word' id='word_1_251' title='bbox 1062 3113 1102 3172; x_wconf 74' lang='lat' dir='ltr'>ol,</span> 
     </span>
     <span class='ocr_line' id='line_1_30' title="bbox 56 3187 1105 3254; baseline -0.006 -12"><span class='ocrx_word' id='word_1_252' title='bbox 56 3207 88 3242; x_wconf 86' lang='lat' dir='ltr'>or</span> <span class='ocrx_word' id='word_1_253' title='bbox 99 3192 243 3254; x_wconf 84' lang='lat' dir='ltr'>exception</span> <span class='ocrx_word' id='word_1_254' title='bbox 255 3198 292 3252; x_wconf 89' lang='lat' dir='ltr'>to,</span> <span class='ocrx_word' id='word_1_255' title='bbox 306 3192 353 3241; x_wconf 86' lang='lat' dir='ltr'>the</span> <span class='ocrx_word' id='word_1_256' title='bbox 364 3191 430 3240; x_wconf 86' lang='lat' dir='ltr'>rule.</span> <span class='ocrx_word' id='word_1_257' title='bbox 592 3189 604 3248; x_wconf 68' lang='lat' dir='ltr'>l</span> <span class='ocrx_word' id='word_1_258' title='bbox 625 3189 648 3237; x_wconf 89' lang='grc'>6.</span> <span class='ocrx_word' id='word_1_259' title='bbox 684 3187 801 3238; x_wconf 84' lang='lat' dir='ltr'>Cicero’s</span> <span class='ocrx_word' id='word_1_260' title='bbox 825 3188 874 3236; x_wconf 85' lang='lat' dir='ltr'>law</span> <span class='ocrx_word' id='word_1_261' title='bbox 896 3189 1014 3251; x_wconf 82' lang='lat' dir='ltr'>lrnposed</span> <span class='ocrx_word' id='word_1_262' title='bbox 1036 3203 1065 3237; x_wconf 87' lang='lat' dir='ltr'>as</span> <span class='ocrx_word' id='word_1_263' title='bbox 1088 3202 1105 3236; x_wconf 80' lang='lat' dir='ltr'>e</span> 
     </span>
     <span class='ocr_line' id='line_1_31' title="bbox 88 3264 1103 3329; baseline -0.004 -13"><span class='ocrx_word' id='word_1_264' title='bbox 88 3267 195 3326; x_wconf 56' lang='lat' dir='ltr'>³³2³ss</span> <span class='ocrx_word' id='word_1_265' title='bbox 211 3267 318 3316; x_wconf 75' lang='lat' dir='ltr'>studia</span> <span class='ocrx_word' id='word_1_266' title='bbox 341 3271 436 3329; x_wconf 73' lang='lat' dir='ltr'>atque</span> <span class='ocrx_word' id='word_1_267' title='bbox 462 3267 570 3324; x_wconf 79' lang='lat' dir='ltr'>officia,</span> <span class='ocrx_word' id='word_1_268' title='bbox 592 3264 702 3326; x_wconf 82' lang='lat' dir='ltr'>penalty</span> <span class='ocrx_word' id='word_1_269' title='bbox 719 3265 785 3314; x_wconf 89' lang='lat' dir='ltr'>such</span> <span class='ocrx_word' id='word_1_270' title='bbox 802 3279 818 3312; x_wconf 86' lang='lat' dir='ltr'>a</span> <span class='ocrx_word' id='word_1_271' title='bbox 836 3266 937 3325; x_wconf 80' lang='lat' dir='ltr'>cupitis</span> <span class='ocrx_word' id='word_1_272' title='bbox 955 3265 1103 3314; x_wconf 71' lang='lat' dir='ltr'>demutatio</span> 
     </span>
     <span class='ocr_line' id='line_1_32' title="bbox 59 3339 1105 3404; baseline -0.009 -8"><span class='ocrx_word' id='word_1_273' title='bbox 59 3345 183 3395; x_wconf 82' lang='lat' dir='ltr'>‘zeelous</span> <span class='ocrx_word' id='word_1_274' title='bbox 194 3343 328 3404; x_wconf 84' lang='lat' dir='ltr'>services,&#39;</span> <span class='ocrx_word' id='word_1_275' title='bbox 341 3344 380 3394; x_wconf 86' lang='lat' dir='ltr'>llt.</span> <span class='ocrx_word' id='word_1_276' title='bbox 392 3343 502 3394; x_wconf 74' lang='lat' dir='ltr'>‘actsol</span> <span class='ocrx_word' id='word_1_277' title='bbox 513 3343 569 3392; x_wconf 86' lang='lat' dir='ltr'>zeal</span> <span class='ocrx_word' id='word_1_278' title='bbox 592 3339 626 3402; x_wconf 89' lang='lat' dir='ltr'>by</span> <span class='ocrx_word' id='word_1_279' title='bbox 643 3341 786 3403; x_wconf 84' lang='lat' dir='ltr'>providing</span> <span class='ocrx_word' id='word_1_280' title='bbox 803 3342 862 3389; x_wconf 86' lang='lat' dir='ltr'>that</span> <span class='ocrx_word' id='word_1_281' title='bbox 879 3341 925 3390; x_wconf 89' lang='lat' dir='ltr'>the</span> <span class='ocrx_word' id='word_1_282' title='bbox 942 3340 1065 3389; x_wconf 83' lang='lat' dir='ltr'>crinrinal</span> <span class='ocrx_word' id='word_1_283' title='bbox 1083 3340 1105 3388; x_wconf 82' lang='lat' dir='ltr'>if</span> 
     </span>
     <span class='ocr_line' id='line_1_33' title="bbox 56 3416 1104 3481; baseline -0.009 -9"><span class='ocrx_word' id='word_1_284' title='bbox 56 3423 111 3473; x_wconf 84' lang='lat' dir='ltr'>end</span> <span class='ocrx_word' id='word_1_285' title='bbox 133 3420 266 3473; x_wconf 86' lang='lat' dir='ltr'>service’:</span> <span class='ocrx_word' id='word_1_286' title='bbox 288 3435 332 3470; x_wconf 87' lang='lat' dir='ltr'>see</span> <span class='ocrx_word' id='word_1_287' title='bbox 354 3420 521 3481; x_wconf 87' lang='lat' dir='ltr'>0n11.,10.</span> <span class='ocrx_word' id='word_1_288' title='bbox 541 3420 570 3469; x_wconf 87' lang='lat'>14</span> <span class='ocrx_word' id='word_1_289' title='bbox 591 3417 732 3467; x_wconf 85' lang='lat' dir='ltr'>convicted</span> <span class='ocrx_word' id='word_1_290' title='bbox 754 3417 787 3466; x_wconf 93' lang='lat' dir='ltr'>be</span> <span class='ocrx_word' id='word_1_291' title='bbox 809 3416 940 3479; x_wconf 79' lang='lat' dir='ltr'>‹legraded</span> <span class='ocrx_word' id='word_1_292' title='bbox 964 3418 1035 3465; x_wconf 81' lang='lat' dir='ltr'>froin</span> <span class='ocrx_word' id='word_1_293' title='bbox 1057 3416 1104 3464; x_wconf 87' lang='lat' dir='ltr'>the</span> 
     </span>
     <span class='ocr_line' id='line_1_34' title="bbox 56 3491 1103 3560; baseline -0.01 -11"><span class='ocrx_word' id='word_1_294' title='bbox 56 3500 110 3549; x_wconf 80' lang='lat' dir='ltr'>end</span> <span class='ocrx_word' id='word_1_295' title='bbox 123 3499 157 3560; x_wconf 90' lang='lat'>1.‚</span> <span class='ocrx_word' id='word_1_296' title='bbox 169 3498 196 3547; x_wconf 87' lang='lat'>1.</span> <span class='ocrx_word' id='word_1_297' title='bbox 208 3498 232 3549; x_wconf 79' lang='grc'>’1.</span> <span class='ocrx_word' id='word_1_298' title='bbox 269 3495 423 3553; x_wconf 79' lang='lat' dir='ltr'>debuisse,</span> <span class='ocrx_word' id='word_1_299' title='bbox 437 3495 546 3545; x_wconf 78' lang='lat' dir='ltr'>‘owed’</span> <span class='ocrx_word' id='word_1_300' title='bbox 591 3499 683 3542; x_wconf 83' lang='lat' dir='ltr'>senate</span> <span class='ocrx_word' id='word_1_301' title='bbox 696 3492 803 3556; x_wconf 85' lang='lat' dir='ltr'>(partial</span> <span class='ocrx_word' id='word_1_302' title='bbox 817 3492 891 3552; x_wconf 87' lang='lat' dir='ltr'>loss),</span> <span class='ocrx_word' id='word_1_303' title='bbox 905 3493 958 3541; x_wconf 88' lang='lat' dir='ltr'>and</span> <span class='ocrx_word' id='word_1_304' title='bbox 973 3491 1103 3540; x_wconf 82' lang='lat' dir='ltr'>banished</span> 
     </span>
     <span class='ocr_line' id='line_1_35' title="bbox 86 3567 1106 3637; baseline -0.009 -12"><span class='ocrx_word' id='word_1_305' title='bbox 86 3575 133 3625; x_wconf 67' lang='grc' dir='ltr'>δᾶ</span> <span class='ocrx_word' id='word_1_306' title='bbox 150 3573 298 3637; x_wconf 68' lang='lat' dir='ltr'>muoso,</span> <span class='ocrx_word' id='word_1_307' title='bbox 315 3572 393 3621; x_wconf 83' lang='lat' dir='ltr'>mede</span> <span class='ocrx_word' id='word_1_308' title='bbox 410 3586 426 3620; x_wconf 84' lang='lat' dir='ltr'>a</span> <span class='ocrx_word' id='word_1_309' title='bbox 448 3572 570 3622; x_wconf 86' lang='lat' dir='ltr'>substan·</span> <span class='ocrx_word' id='word_1_310' title='bbox 592 3569 670 3632; x_wconf 78' lang='lat' dir='ltr'>(total</span> <span class='ocrx_word' id='word_1_311' title='bbox 682 3569 747 3629; x_wconf 87' lang='lat' dir='ltr'>loss)</span> <span class='ocrx_word' id='word_1_312' title='bbox 760 3570 802 3618; x_wconf 80' lang='lat' dir='ltr'>for</span> <span class='ocrx_word' id='word_1_313' title='bbox 813 3574 859 3619; x_wconf 88' lang='lat' dir='ltr'>ten</span> <span class='ocrx_word' id='word_1_314' title='bbox 872 3583 955 3630; x_wconf 83' lang='lat' dir='ltr'>years,</span> <span class='ocrx_word' id='word_1_315' title='bbox 967 3569 1013 3617; x_wconf 89' lang='lat' dir='ltr'>the</span> <span class='ocrx_word' id='word_1_316' title='bbox 1026 3567 1106 3616; x_wconf 86' lang='lat' dir='ltr'>latter</span> 
     </span>
     <span class='ocr_line' id='line_1_36' title="bbox 56 3645 1019 3715; baseline -0.009 -13"><span class='ocrx_word' id='word_1_317' title='bbox 56 3654 110 3704; x_wconf 83' lang='lat' dir='ltr'>tlve</span> <span class='ocrx_word' id='word_1_318' title='bbox 122 3653 157 3715; x_wconf 90' lang='lat' dir='ltr'>by</span> <span class='ocrx_word' id='word_1_319' title='bbox 169 3652 206 3701; x_wconf 85' lang='lat' dir='ltr'>its</span> <span class='ocrx_word' id='word_1_320' title='bbox 217 3648 365 3712; x_wconf 87' lang='lat' dir='ltr'>proximity</span> <span class='ocrx_word' id='word_1_321' title='bbox 374 3655 403 3698; x_wconf 88' lang='lat' dir='ltr'>to</span> <span class='ocrx_word' id='word_1_322' title='bbox 415 3651 502 3698; x_wconf 82' lang='lat' dir='ltr'>amico</span> <span class='ocrx_word' id='word_1_323' title='bbox 514 3648 568 3698; x_wconf 79' lang='lat' dir='ltr'>end</span> <span class='ocrx_word' id='word_1_324' title='bbox 591 3646 699 3708; x_wconf 81' lang='lat' dir='ltr'>penalty</span> <span class='ocrx_word' id='word_1_325' title='bbox 712 3646 792 3708; x_wconf 85' lang='lat' dir='ltr'>being</span> <span class='ocrx_word' id='word_1_326' title='bbox 803 3660 838 3694; x_wconf 84' lang='lat' dir='ltr'>an</span> <span class='ocrx_word' id='word_1_327' title='bbox 851 3645 1019 3694; x_wconf 80' lang='lat' dir='ltr'>innovation.</span> 
     </span>
     <span class='ocr_line' id='line_1_37' title="bbox 55 3721 1104 3781; baseline -0.011 0"><span class='ocrx_word' id='word_1_328' title='bbox 55 3729 183 3781; x_wconf 78' lang='lat' dir='ltr'>comte:</span> <span class='ocrx_word' id='word_1_329' title='bbox 200 3725 347 3777; x_wconf 81' lang='lat' dir='ltr'>otherwlse</span> <span class='ocrx_word' id='word_1_330' title='bbox 364 3725 468 3776; x_wconf 83' lang='lat' dir='ltr'>tlreuse</span> <span class='ocrx_word' id='word_1_331' title='bbox 481 3724 568 3774; x_wconf 83' lang='lat' dir='ltr'>would</span> <span class='ocrx_word' id='word_1_332' title='bbox 622 3723 648 3770; x_wconf 85' lang='lat'>4.</span> <span class='ocrx_word' id='word_1_333' title='bbox 676 3722 708 3770; x_wconf 88' lang='lat' dir='ltr'>in</span> <span class='ocrx_word' id='word_1_334' title='bbox 733 3721 860 3771; x_wconf 79' lang='lat' dir='ltr'>honoris</span> <span class='ocrx_word' id='word_1_335' title='bbox 893 3721 1104 3778; x_wconf 78' lang='lat' dir='ltr'>contentione,</span> 
     </span>
    </p>
   </div>
   <div class='ocr_carea' id='block_1_4' title="bbox 55 3796 1101 3873">
    <p class='ocr_par' dir='ltr' id='par_1_4' title="bbox 55 3796 1101 3873">
     <span class='ocr_line' id='line_1_38' title="bbox 55 3796 1101 3873; baseline -0.013 -14"><span class='ocrx_word' id='word_1_336' title='bbox 55 3806 161 3873; x_wconf 84' lang='lat' dir='ltr'>bevery</span> <span class='ocrx_word' id='word_1_337' title='bbox 172 3803 271 3856; x_wconf 72' lang='lat' dir='ltr'>hereb.</span> <span class='ocrx_word' id='word_1_338' title='bbox 593 3799 639 3849; x_wconf 86' lang='lat' dir='ltr'>‘in</span> <span class='ocrx_word' id='word_1_339' title='bbox 655 3797 969 3864; x_wconf 63' lang='lat' dir='ltr'>estrugglelorhonor)</span> <span class='ocrx_word' id='word_1_340' title='bbox 1005 3796 1101 3862; x_wconf 79' lang='lat' dir='ltr'>Quae,</span> 
     </span>
    </p>
   </div>
   <div class='ocr_carea' id='block_1_5' title="bbox 0 0 1344 4260">
    <p class='ocr_par' dir='ltr' id='par_1_5' title="bbox 0 0 1344 4260">
     <span class='ocr_line' id='line_1_39' title="bbox 0 0 1344 4260; baseline 0 0"><span class='ocrx_word' id='word_1_341' title='bbox 0 0 1344 4260; x_wconf 95' lang='lat' dir='ltr'> </span> 
     </span>
    </p>
   </div>
  </div>
 </body>
</html>
