2678 4260
467 253 547 304 oar.
572 254 644 315 o1o,
668 254 682 315 s
705 252 792 303 21-24.
1133 239 1197 304 449

99 428 202 493 etiam
232 446 339 490 sermo
379 424 474 488 nohis
508 445 606 488 ansas
644 423 754 499 dabat,
794 423 916 508 quibus
955 422 1144 489 reconditos

99 532 171 595 eius
187 550 304 595 sensus
321 536 433 593 tenere
461 549 644 612 possemus.
695 519 871 591 Laudabat
896 527 994 592 homo
1021 526 1141 594 doetus
1157 527 1197 588 23

99 632 314 719 philosophos
338 632 456 707 nescio,
478 653 563 716 quos
591 653 701 716 neque
729 653 844 695 eorum
872 640 984 696 tamen
1012 633 1147 696 nomina
1182 649 1198 693 e

99 746 231 824 poterat
257 737 378 814 dicere,
405 736 464 801 sed
491 743 605 801 tamen
629 758 685 801 eos
714 735 875 800 laudabat
902 736 1058 812 maxime,
1083 737 1144 821 qui

99 842 260 906 dicuntur
284 848 416 925 praeter
443 848 571 905 ceteros
602 863 672 905 esse
704 847 858 905 auctores
889 848 924 905 et
954 839 1144 906 laudatores

98 946 303 1031 voluptatis3
338 945 434 1009 euius
460 952 495 1010 et
518 966 586 1029 quo
612 953 761 1029 tempore
788 951 822 1008 et
848 966 915 1029 quo
941 944 1048 1023 mode,
1075 966 1143 1009 nou

99 1049 289 1135 quaerebat,
318 1049 458 1114 verbum
485 1050 597 1134 ipsum
624 1049 777 1113 omnibus
802 1049 905 1112 animi
933 1056 969 1113 et
998 1050 1145 1133 corporis
1169 1065 1198 1112 10

98 1154 251 1240 partibus
268 1154 462 1229 devorarat3
488 1154 689 1238 eosdemque
707 1155 874 1238 praeclare
899 1153 1009 1219 dicere
1032 1154 1144 1220 aiebat

97 1260 260 1344 sapientis
289 1259 399 1322 omnia
425 1280 488 1322 sua
519 1280 618 1323 causa
645 1257 765 1335 facere,
794 1280 864 1323 rem
894 1258 1063 1344 publicam
1094 1280 1152 1336 car

98 1386 230 1448 pessere
246 1363 416 1428 hominem
439 1363 523 1429 bene
547 1384 668 1428 sanum
691 1385 758 1428 non
782 1371 944 1447 oportere,
962 1363 1048 1426 nihil
1071 1385 1142 1428 esse

98 1467 332 1553 praestabilius
357 1468 464 1531 otiosa
491 1470 563 1532 vita
589 1469 689 1552 plena
719 1475 755 1532 et
784 1467 936 1533 conferta
967 1468 1147 1552 voluptati-

97 1572 179 1648 bus3
204 1594 260 1636 eos
291 1579 415 1647 autern,
443 1573 503 1656 qui
534 1571 684 1636 dicerent
715 1571 876 1658 dignitati
904 1593 976 1637 esse
1001 1572 1147 1637 servien·
1169 1589 1196 1634 1⁵

97 1676 189 1753 dum,
221 1677 268 1741 rei
299 1675 452 1761 publicae
485 1676 741 1753 consulendum,
773 1675 872 1741 officii
903 1677 1068 1741 rationem
1107 1678 1143 1740 in

97 1782 189 1844 omni
212 1781 293 1856 vita,
318 1801 386 1844 non
410 1779 575 1844 commodi
599 1802 670 1844 esse
694 1778 893 1856 ducendam,
907 1778 1062 1844 adeunda
1084 1801 1144 1865 pro

97 1886 206 1970 patria
236 1885 394 1970 pericula,
420 1884 559 1949 vulnera
590 1885 797 1970 excipienda,
823 1892 963 1950 mortem
987 1892 1144 1970 oppeten-

97 1989 184 2066 dam,
208 1990 385 2055 vaticinari
408 1997 511 2074 atque
539 1990 684 2054 insanire
710 1990 850 2055 dicebat.
897 1990 949 2052 Ex
981 1989 1033 2053 his
1064 1989 1142 2053 assi·
1156 1987 1197 2058 24

97 2093 173 2158 duis
196 2095 268 2158 eius
292 2094 537 2179 cotidianisque
561 2094 781 2170 sermonibus
806 2101 841 2160 et
863 2093 956 2179 quod
979 2092 1143 2171 videbam,
1167 2109 1197 2156 ao

97 2198 300 2282 quibuscum
316 2197 509 2262 hominibus
526 2199 561 2261 in
577 2199 734 2264 interiore
748 2200 841 2283 parte
854 2198 988 2264 aedium
1001 2199 1141 2275 viveret,

129 2413 155 2461 4.
169 2426 267 2470 ansas,
278 2413 433 2463 ‘handles:’
444 2413 513 2476 keep
521 2429 557 2477 up
567 2414 612 2464 the
665 2415 713 2476 10,
727 2416 772 2464 11.
790 2415 910 2464 animi
932 2415 1088 2476 partibus:
1107 2415 1142 2465 ci.

96 2491 239 2552 metaphor
262 2490 297 2552 by
321 2489 484 2553 translating
512 2492 609 2552 tenere,
632 2494 727 2552 portes
748 2494 854 2551 mentia,
873 2492 923 2554 Ep.
948 2491 1029 2541 XIII.
1053 2490 1079 2539 3.
1102 2491 1141 2541 ts.

98 2565 212 2627 ‘grasp’
633 2569 738 2617 dicere
755 2568 875 2617 aiebat:
894 2569 973 2618 when
995 2582 1048 2619 one
1072 2567 1143 2618 word

129 2639 193 2697 §23.
212 2640 274 2690 6-9.
292 2641 401 2690 nescio
428 2653 516 2702 quos,
541 2640 611 2691 ‘cer-
632 2645 661 2694 oi
682 2646 777 2708 sayIng
800 2643 912 2707 (dicere)
931 2645 1050 2707 depends
1069 2659 1143 2708 upon

97 2718 184 2767 tain:’
209 2731 253 2766 see
275 2732 311 2766 on
332 2717 353 2766 Ι.
379 2716 424 2765 31.
447 2719 470 2766 2.
517 2717 610 2768 CIcero
632 2721 747 2769 another
763 2718 876 2781 (dietat)
895 2720 988 2769 Cleero
1006 2719 1143 2783 generally

97 2795 174 2843 often
192 2808 254 2844 uses
273 2794 327 2844 this
346 2793 486 2842 indefinite
504 2809 611 2856 expres·
633 2811 692 2846 uses
700 2797 827 2846 different
835 2797 935 2859 words3
952 2797 1020 2846 such
1028 2797 1142 2859 phrases

97 2871 157 2919 sion
180 2876 208 2919 to
230 2869 309 2918 avoid
326 2869 374 2918 the
396 2884 564 2932 appearance
580 2872 610 2921 ot
632 2887 661 2921 as
677 2874 768 2923 dicere
786 2874 881 2923 dicuat
898 2886 944 2922 are
956 2886 1020 2935 very
1032 2886 1091 2922 rare
1114 2873 1142 2922 in

97 2953 143 2995 too
162 2950 237 3008 great
254 2945 413 3008 familiarity
432 2947 497 2994 with
520 2944 609 2996 Greek
632 2949 674 2998 his
687 2950 816 3012 writings.

97 3022 245 3083 literature,
259 3023 349 3072 thch
364 3037 418 3072 was
436 3023 563 3086 regarded
580 3038 609 3073 as
663 3024 765 3072 12-15.
773 3032 839 3074 sua
849 3037 944 3074 causa
965 3024 1076 3082 facere,
1092 3023 1142 3075 ‘do

96 3099 213 3147 beneath
242 3099 289 3148 the
316 3100 407 3148 notice
440 3099 470 3148 ot
504 3100 609 3148 Roman
631 3100 667 3149 all
689 3101 782 3163 things
805 3101 872 3150 with
894 3115 910 3150 a
935 3101 1003 3150 vlew
1020 3107 1049 3150 to
1070 3101 1143 3150 theIr

96 3181 252 3224 statesmen.
304 3175 357 3225 For
390 3176 433 3224 his
467 3176 547 3237 study
580 3176 610 3226 of
631 3191 691 3226 own
711 3177 843 3227 comiort'
857 3179 944 3228 :citi
963 3177 1142 3228 consolercas

96 3249 259 3312 philosophy
271 3264 315 3299 see
331 3265 358 3312 p.
373 3249 411 3311 17,
435 3250 448 3311 ξ
462 3250 492 3299 13
509 3250 542 3299 ad
562 3250 607 3300 fin.
632 3253 660 3300 in
673 3254 686 3314 ς
700 3255 721 3302 1.
735 3254 759 3302 8.
794 3253 1009 3302 serviendum:
1027 3255 1061 3304 ei.
1074 3251 1087 3310 t
1101 3254 1139 3303 14.

97 3338 160 3381 eos,
178 3326 224 3375 the
247 3326 421 3388 Epicuream,
439 3326 529 3375 whose
551 3327 610 3389 phi·
633 3329 670 3378 13.
706 3341 760 3378 eos
778 3333 889 3386 autem.
907 3330 954 3379 the
970 3330 1076 3380 Stoics:
1098 3343 1141 3379 see

96 3401 209 3464 Iosophy
220 3415 274 3450 was
285 3401 315 3450 of
326 3402 432 3451 amuch
445 3401 538 3450 nobler
547 3407 609 3465 type
631 3419 667 3453 on
679 3405 748 3455 Mur.
762 3402 787 3452 3.
799 3406 810 3453 1
824 3405 857 3453 ad
871 3404 915 3453 fin.

95 3477 164 3525 thau
193 3477 256 3525 Piso
283 3477 447 3526 understood
471 3477 493 3525 It
515 3483 544 3526 to
565 3478 606 3528 be.
663 3481 764 3530 16-19.
780 3481 934 3530 rationem
952 3517 958 3528 .
978 3517 984 3529 .
1002 3516 1007 3529 .
1027 3481 1141 3532 ducen-

96 3552 199 3600 cuius:
230 3567 266 3602 sc.
291 3553 362 3602 from
385 3554 458 3602 what
482 3554 609 3616 precedes
631 3557 709 3613 dam,
735 3557 845 3619 ‘regard
863 3562 936 3607 must
951 3556 984 3606 be
1001 3556 1074 3607 had!
1108 3557 1141 3606 In

95 3630 200 3690 volup
209 3632 219 3679 t
227 3644 245 3678 u
253 3631 302 3678 tta
325 3629 483 3679 laudatores
501 3633 608 3680 essent:
630 3634 715 3681 omni
726 3634 799 3690 vtta,
810 3633 816 3656 ‘
826 3635 853 3682 in
863 3648 942 3695 every
955 3634 1020 3696 path
1033 3634 1062 3682 of
1072 3633 1138 3683 lire)

97 3706 186 3754 ‘what
201 3705 322 3767 pleasure
340 3708 404 3768 they
422 3707 536 3768 praised,
554 3707 607 3756 and
630 3709 795 3757 vaticInari
802 3711 895 3770 atque
904 3708 1046 3765 insanire,
1058 3707 1142 3759 ‘were

95 3782 174 3831 when
187 3782 239 3830 and
252 3782 322 3843 how,
336 3782 397 3831 etc’
630 3783 746 3840 fanatica
757 3783 811 3832 and
823 3783 910 3836 fools.'
