2678 4260
472 267 552 320 car.
580 270 666 332 15-16,
691 269 705 332 s
726 267 814 320 34-37.
1147 250 1210 316 461

155 455 232 502 XVI.
256 439 432 524 Exponam
445 440 533 504 enim
549 439 710 504 hodierno
726 438 790 516 die,
809 438 947 514 iudices
964 459 1097 502 omnem
1112 459 1160 502 ra·
1170 441 1211 504 36

111 543 237 607 tionem
267 541 348 606 iacti
379 550 414 608 et
444 544 574 607 consilii
598 545 663 608 mei
686 565 797 628 neque
824 543 902 606 huic
926 550 1038 607 vestro
1063 550 1157 606 tanto

110 648 224 713 studio
240 649 397 714 audiendi
415 672 475 714 nec
487 672 566 715 vero
579 650 656 713 huic
671 657 783 713 tantae
797 646 1018 723 multitudini,
1033 656 1160 730 quanta

97 752 184 817 'mea
196 754 353 817 memoria
365 775 550 838 numquam
564 754 633 816 ullo
646 754 681 816 in
694 752 818 816 iudicio
831 751 907 828 fuit,
921 750 1030 815 deero.
1070 750 1157 814 Nam

110 856 139 919 si
155 878 216 943 ego
233 857 266 918 in
284 878 384 920 causa
401 865 470 920 tam
486 856 573 920 bona
589 864 684 920 tanto
700 855 813 920 studio
830 863 977 930 senatus
992 876 1158 918 consensu
1195 871 1210 915 5

110 966 179 1022 tam
192 960 381 1024 incredibili
392 960 554 1024 bonorum
565 962 724 1037 omnium,
736 968 804 1023 tam
817 967 932 1044 parato
943 958 1077 1042 populo,
1087 965 1158 1022 tota

110 1062 255 1148 denique
266 1064 363 1128 Italia
375 1064 418 1127 ad
431 1087 562 1129 omnem
574 1065 825 1129 contentionem
835 1062 993 1147 expedita
1004 1062 1087 1126 cessi
1100 1063 1157 1125 tri-

110 1167 192 1232 buni
204 1169 260 1253 pl.‚
274 1168 531 1252 despicatissimi
547 1169 701 1245 hominis,
719 1168 836 1244 furori,
849 1167 1160 1250 contemptissumo-

109 1293 183 1334 rum
194 1272 369 1336 consulum
384 1273 557 1337 levitatem
573 1272 820 1357 audaciamque·
831 1271 1000 1356 pertimui,
1017 1271 1159 1333 nimium

110 1398 162 1440 me
180 1375 345 1451 timidum,
373 1377 500 1440 nullius
522 1377 634 1451 animi,
652 1376 779 1439 nullius
803 1376 934 1439 consilii
958 1374 1061 1438 fuisse
1085 1395 1160 1438 oon·
1182 1390 1210 1436 10

109 1479 214 1544 fiteor.
272 1480 364 1559 Quid
391 1481 480 1544 enim
507 1481 616 1545 simile
645 1479 713 1544 fuit
738 1481 775 1542 in
800 1479 840 1558 Q.
869 1478 1036 1543 Metello?
1061 1479 1157 1542 cuius
1170 1475 1210 1538 37

108 1605 242 1650 <causam
259 1585 321 1648 etsi
339 1605 452 1649 omnes
469 1583 546 1648 boni
563 1583 758 1667 probabant,
772 1591 884 1647 tamen
896 1605 1003 1667 neque
1021 1589 1156 1646 senatus

108 1688 240 1773 publice
268 1709 377 1772 neque
404 1689 494 1752 ullus
519 1687 601 1753 ordo
623 1688 754 1772 proprie
781 1709 890 1771 neque
916 1688 986 1750 suis
1013 1686 1155 1750 decretis

108 1791 207 1855 ltalia
238 1799 358 1856 cuncta
388 1799 590 1876 susceperat·
651 1789 709 1854 Ad
740 1812 835 1854 suam
866 1791 956 1854 enim
987 1789 1156 1874 quandam

110 1897 215 1981 inagis
246 1896 303 1960 ille
331 1896 472 1981 gloriam
498 1917 600 1980 quam
630 1894 673 1958 ad
700 1895 910 1980 perspicuam
940 1894 1083 1958 salutem
1109 1895 1156 1958 rei
1181 1910 1209 1955 15

108 1999 261 2084 publicae
291 2001 429 2084 spiritus
456 2008 654 2084 sumpserat,
683 2021 760 2063 oum
787 2020 875 2062 unus
898 1999 933 2060 in
964 1998 1072 2082 legem
1095 2019 1155 2082 per

108 2105 178 2168 vim
193 2104 296 2167 latam
312 2105 419 2168 iurare
443 2104 617 2178 noluerat3
642 2102 788 2187 denique
816 2102 995 2167 videbatur
1020 2123 1058 2165 ea
1082 2123 1156 2165 con·

108 2208 238 2272 dicione
256 2216 324 2272 tam
348 2207 446 2272 fortis
471 2207 643 2284 fuissent
667 2228 744 2270 cum
769 2207 896 2290 patriae
922 2207 1058 2270 caritate
1083 2227 1158 2269 con·

108 2313 251 2376 stantiae
268 2312 409 2398 gloriam
435 2318 666 2376 commutaret.
714 2310 796 2375 Erat
818 2318 931 2374 autern
955 2332 1006 2374 res
1031 2311 1061 2373 ei
1078 2331 1155 2374 cum

141 2568 244 2618 Second
253 2568 421 2630 Digression:
432 2567 620 2617 Cicero’sRea·
645 2567 698 2615 had
710 2567 777 2616 been
790 2567 918 2628 occupied
935 2567 1028 2628 hythe
1042 2566 1157 2628 Cimbri;
1195 2605 1198 2611 .

108 2659 171 2695 sons
188 2644 232 2693 ior
247 2644 367 2706 yielding
384 2651 413 2693 to
432 2645 475 2693 his
493 2644 619 2692 Enernies
644 2644 690 2692 the
708 2643 760 2691 law
777 2643 834 2691 also
851 2643 980 2705 provided
999 2644 1059 2692 that
1076 2657 1157 2705 every

109 2720 396 2783 withoutaStruggle,
411 2718 437 2776 §l
450 2721 537 2769 36-52.
644 2725 753 2769 senator
774 2719 871 2768 should
894 2720 957 2768 take
981 2733 1015 2767 an
1042 2720 1105 2768 oath
1129 2723 1157 2768 to

140 2796 204 2854 536.
229 2796 310 2845 1-10.
328 2796 619 2852 omnemrationem‚
644 2796 755 2845 observo
767 2796 787 2844 it
800 2796 939 2858 faithfully
957 2810 988 2844 or
1005 2796 1098 2845 forfeit
1115 2796 1157 2844 his

110 2873 143 2923 ‘a
165 2873 216 2922 iuli
239 2873 433 2935 explanation'
469 2885 538 2921 mea
560 2884 621 2920 me·
644 2874 909 2922 seatinthesenate.
946 2872 1157 2922 Metellusalone

108 2950 212 3007 moria,
224 2949 276 2998 abl.
290 2950 319 2998 oi
331 2950 404 2998 time.
438 2948 539 3006 deero,
553 2947 621 2997 ‘dis-
644 2949 750 2999 refused
763 2956 791 2998 to
803 2950 866 2998 take
878 2950 925 2998 the
937 2949 1002 2998 oath
1019 2948 1072 2997 and
1085 2953 1157 2997 went

108 3025 240 3088 appoint’
257 3025 620 3087 despicatissimiamuch
645 3027 703 3074 into
715 3026 792 3074 exile.
828 3025 872 3074 He
881 3039 936 3074 was
948 3024 1062 3074 recalled
1075 3025 1102 3072 in
1115 3025 1154 3074 99.

107 3107 230 3164 stronger
242 3101 314 3150 word
331 3101 398 3149 than
417 3103 621 3161 contemptioso·
644 3101 785 3163 publice:
813 3103 887 3150 what
915 3102 978 3150 does
1001 3101 1056 3150 this
1083 3101 1157 3151 word

107 3192 227 3228 morum:
245 3178 288 3225 ior
303 3178 351 3226 the
367 3177 472 3238 passive
489 3190 567 3226 sense
583 3177 617 3226 ci.
644 3178 743 3240 always
766 3178 872 3240 imply?
916 3177 1047 3238 proprio,
1072 3176 1158 3226 ‘indi-

108 3255 221 3315 §10.25.
251 3252 368 3301 nullius
390 3251 496 3303 animi
515 3252 621 3311 fuisse,
646 3253 783 3316 vidually.’

109 3331 235 3380 ‘showed
245 3345 281 3379 no
293 3344 415 3393 courage,
426 3330 507 3391 etc.;'
522 3331 565 3380 for
574 3331 620 3380 the
676 3330 779 3378 14-19.
805 3322 968 3391 quandam,
994 3329 1031 3378 ‘ii
1059 3329 1072 3377 Ι
1095 3344 1157 3392 may

108 3422 167 3470 gen.
182 3407 217 3455 cf.
232 3407 281 3468 Ep.
296 3406 347 3456 VI.
361 3405 407 3455 15.
419 3407 442 3456 3.
645 3420 692 3468 say
715 3406 771 3454 soz'
794 3407 829 3454 cf.
855 3406 920 3456 Suri.
945 3405 991 3454 35.
1010 3406 1050 3456 20.
1085 3417 1157 3454 cum

140 3482 205 3543 §32
229 3481 331 3530 11-13.
358 3482 391 3530 in
419 3480 453 3540 Q.
481 3482 620 3540 Metello,
645 3485 928 3539 ...commutaret¹
945 3483 1012 3531 with
1033 3482 1112 3532 verbs
1129 3482 1159 3532 of

110 3558 152 3607 ‘i'o
163 3560 210 3608 the
219 3573 279 3607 case
289 3559 318 3607 oi
329 3558 360 3618 Q.
374 3559 498 3607 Metellus
513 3558 621 3619 (Numi-
644 3560 815 3621 exchanging
826 3559 912 3607 either
925 3560 972 3608 the
984 3559 1063 3621 thing
1076 3559 1157 3620 given

108 3635 215 3694 diensi!
251 3635 284 3682 Iu
295 3635 341 3683 100
353 3636 398 3683 the
411 3636 518 3684 tribune
528 3635 620 3684 Satur·
644 3650 675 3684 or
686 3635 732 3682 the
744 3636 823 3697 thing
835 3635 956 3683 received
974 3635 996 3683 is
1008 3640 1056 3696 put
1069 3634 1097 3682 in
1111 3634 1158 3682 the

108 3712 190 3760 ninus
202 3711 304 3760 carried
316 3725 332 3758 a
347 3710 398 3759 law
410 3711 452 3761 ior
469 3712 515 3760 the
532 3710 621 3760 distri·
644 3711 695 3760 abl.
707 3711 771 3759 with
785 3725 861 3760 cunr:
879 3710 978 3760 Which
990 3710 1078 3760 here?
1099 3721 1156 3767 ree,

109 3787 203 3838 bution
215 3787 245 3837 oi
257 3788 303 3836 the
315 3787 393 3837 lands
406 3789 433 3836 in
447 3786 518 3837 Gaul
530 3788 620 3838 which
646 3787 793 3851 ‘struggle’
