2678 4260
424 259 503 315 one.
529 262 605 313 ron
629 259 642 319 1
665 258 752 315 rr-ao.
1096 242 1160 315 571

61 437 129 502 aeri
145 437 256 502 animo
280 433 487 510 defenderet,
504 435 564 510 illi,
582 435 641 519 qui
665 442 762 498 erant
784 456 861 498 oum
886 433 1015 512 Clodio,
1039 436 1108 522 gla-

61 542 126 606 diis
158 541 288 606 eductis
316 540 438 624 partim
466 561 633 603 recurrere
661 538 705 602 ad
729 538 873 615 raedam,
900 548 940 602 ut
966 561 986 603 a
1013 546 1108 624 tergo

63 646 227 710 Milonem
249 643 470 719 adorirentur,
487 644 619 727 partim,
637 642 728 726 quod
751 643 841 706 bunc
865 643 930 706 iam
953 642 1109 708 interfec-

61 757 136 812 tum
157 754 326 834 putarent,
351 746 487 811 caedere
511 746 679 829 incipiunt
702 746 774 810 eius
802 767 926 822 servos,
951 748 1010 831 qui
1033 755 1162 831 posteo

60 861 178 928 erant3
201 873 244 917 ex
275 850 399 936 quibus
431 851 491 935 qui
521 850 633 913 animo
665 848 757 913 fideli
792 850 827 912 in
865 849 1037 913 dominum
1074 857 1109 915 et

60 957 230 1041 praesenti
260 955 409 1031 fuerunt,
441 954 564 1038 partim
602 953 701 1017 occisi
739 961 830 1029 sunt,
862 954 995 1037 partim,
1027 975 1106 1018 eum

60 1060 105 1124 ad
134 1059 267 1125 raedam
297 1058 441 1144 pugnari
464 1057 627 1132 viderent,
660 1056 794 1119 domino
821 1077 1013 1120 succurrere
1037 1079 1109 1141 pro

60 1163 265 1238 biberentur,
290 1162 453 1226 Milonem
476 1161 624 1225 occisum
648 1168 682 1224 et
709 1182 750 1225 ex
778 1161 851 1244 ipso
875 1159 994 1223 Clodio
1018 1159 1109 1223 audi-

61 1275 137 1332 rent
166 1275 201 1332 et
230 1287 375 1346 revera
405 1271 573 1350 putarent,
597 1264 752 1328 iecerunt
782 1262 818 1326 id
849 1265 938 1328 servi
970 1263 1109 1328 Milonis
1132 1281 1161 1327 at

63 1371 191 1456 (dicam
207 1372 297 1436 enim
312 1377 425 1455 aperte
453 1390 521 1432 non
545 1367 718 1432 derivandi
742 1368 890 1433 criminis
914 1389 1023 1445 causa,
1048 1367 1109 1433 sed

60 1482 101 1540 ut
123 1475 253 1540 factum
279 1477 350 1558 est)
379 1495 440 1538 nee
464 1475 649 1557 imperante
681 1493 741 1536 nec
772 1472 899 1536 sciente
931 1493 992 1537 nec
1016 1494 1109 1557 prae·

60 1587 155 1645 sente
187 1579 333 1654 domino,
359 1577 452 1662 quod
478 1598 558 1641 suos
589 1576 734 1660 quisque
766 1597 880 1641 servos
912 1577 946 1640 in
979 1577 1039 1640 tali
1070 1599 1105 1643 re

59 1683 170 1749 iacere
188 1683 361 1748 voluisset.
895 1662 902 1673 ⁹

104 1804 155 1851 xi.
188 1786 291 1862 Haec,
319 1786 421 1850 sicuti
451 1784 602 1868 exposui,
635 1784 683 1847 ita
713 1790 808 1868 gesta
838 1791 929 1860 sunt,
961 1782 1162 1860 iudices380

59 1889 238 1954 insidiator
252 1896 429 1974 superatus
446 1895 506 1962 ost,
523 1889 558 1952 vi
575 1888 665 1951 victa
682 1888 733 1951 vis
750 1886 805 1951 vel
821 1889 933 1972 potius
950 1909 1108 1972 oppressa

60 1996 188 2059 virtute
204 1994 344 2058 audacia
366 2000 428 2057 est.
473 1991 568 2055 Nihil
592 1991 676 2067 dico,
694 1991 778 2075 quid
801 2013 852 2055 res
875 1991 1011 2076 publica
1034 2013 1109 2057 con-

59 2106 177 2164 secuta
207 2099 261 2175 sit,
290 2097 385 2174 nibil,
411 2096 493 2181 quid
524 2118 594 2171 vos,
623 2096 718 2171 nibil,
747 2095 831 2180 quid
862 2118 976 2161 omnes
1007 2096 1107 2172 boni3

60 2204 145 2266 nibil
175 2224 254 2267 sane
285 2202 320 2266 id
350 2202 458 2285 prosit
489 2200 620 2276 Miloni,
645 2201 705 2284 qui
733 2200 795 2263 hoc
822 2199 893 2264 fato
921 2208 1021 2265 natus
1047 2207 1146 2277 esto
1195 2228 1198 2233 ·

60 2315 164 2371 utne
188 2328 223 2370 se
247 2305 385 2390 quidem
412 2326 545 2369 servare
576 2304 735 2387 potuerit,
753 2304 835 2388 quin
864 2326 930 2369 una
957 2327 1027 2370 rem
1050 2326 1109 2390 pu·

59 2411 181 2475 blicam
203 2430 332 2493 vosque
355 2414 515 2472 servaret.
562 2406 597 2470 Si
624 2406 660 2470 id
686 2408 758 2471 iure
787 2408 856 2471 fieri
889 2429 955 2471 non
986 2410 1106 2494 potuit,

59 2514 145 2576 nibil
172 2513 286 2588 babe0,
304 2511 396 2597 quod
419 2511 608 2576 defendam.
655 2509 714 2573 Sin
739 2511 802 2575 boe
828 2520 863 2575 et
888 2513 972 2576 ratio
1000 2513 1107 2578 doctis

59 2627 94 2682 et
116 2617 298 2681 necessitas
326 2615 472 2680 barbaris
501 2624 536 2679 et
563 2614 633 2678 mos
660 2613 819 2700 gentibus
846 2622 882 2679 et
904 2614 983 2680 feris
1007 2617 1108 2680 etiam

58 2721 167 2785 beluis
184 2728 305 2785 natura
327 2721 400 2804 ipsa
422 2719 646 2804 praescripsit,
664 2725 704 2782 ut
727 2705 859 2783 omnem
883 2741 1013 2805 semper
1029 2721 1108 2796 virn,
1131 2735 1161 2783 10
1224 2802 1226 2807 Α

90 2943 136 3000 35,
149 2943 195 2992 36.
212 2942 376 3001 servt‘the
384 2943 470 2992 slaves
480 2941 505 3005 (1
513 2940 571 3004 say)
628 2941 642 3002 5
661 2941 701 2990 30.
728 2941 790 2991 2-8.
813 2941 847 2989 vi
864 2978 869 2989 .
887 2978 892 2990 .
910 2979 915 2990 .
933 2943 1000 2993 vel:
1020 2944 1110 2995 notice

58 3020 87 3067 01
99 3018 185 3068 Μ110.’
221 3019 280 3067 The
297 3024 351 3068 two
362 3019 449 3067 words
466 3018 573 3082 makea
596 3017 641 3066 the
654 3016 825 3066 alliteration.
862 3018 947 3067 Nihil
957 3018 1107 3082 diceas,

57 3095 141 3156 slight
167 3094 361 3156 anacoluthon,
388 3108 417 3143 as
444 3095 491 3143 the
519 3093 572 3143 real
596 3093 627 3141 ‘1
644 3107 691 3155 say
709 3099 758 3142 not
775 3108 791 3143 a
808 3096 879 3143 wonl
897 3109 926 3144 as
944 3100 972 3143 to
989 3095 1110 3147 howthe

58 3171 163 3231 subject
180 3170 354 3230 offecerant
374 3172 397 3220 is
416 3173 473 3231 qui,
492 3170 509 3220 l.
530 3171 570 3229 31,
594 3175 708 3230 country
726 3170 775 3218 has
795 3171 907 3232 profited
926 3171 961 3231 by
980 3171 1027 3220 the
1043 3172 1106 3233 act,’

58 3249 107 3295 hut
119 3260 164 3294 are
175 3246 293 3295 inserted
310 3250 339 3295 to
356 3246 508 3308 emphasize
526 3246 572 3293 the
594 3258 629 3292 an
657 3245 780 3307 example
807 3247 836 3295 01
863 3249 1028 3307 praeteritio
1060 3247 1106 3308 (cf.

58 3323 119 3370 idea
130 3322 191 3370 that
203 3321 270 3371 Milo
281 3321 392 3370 himself
406 3321 450 3369 did
463 3330 511 3369 not
524 3321 571 3370 kili
594 3321 661 3370 Sest.
681 3321 727 3368 2⁷.
745 3324 787 3384 123
808 3323 830 3370 Ι.
852 3322 898 3370 14.
920 3323 974 3383 14),
995 3324 1024 3372 in
1036 3324 1109 3384 ,allu-

57 3398 177 3447 (ilodius.
225 3396 389 3447 derivandi
427 3397 571 3454 oriminis,
594 3397 653 3445 sion
676 3403 704 3446 to
727 3399 774 3446 the
803 3400 901 3448 second
930 3397 984 3447 line
1011 3400 1040 3448 01
1064 3401 1109 3450 de-

58 3479 64 3498 ⁶
75 3475 187 3536 turning
198 3474 237 3522 off
248 3474 295 3522 the
302 3471 419 3535 charge,’
433 3473 487 3534 ie,
498 3487 571 3536 upon
594 3474 672 3522 fence
684 3475 839 3524 mentioned
852 3490 887 3524 on
900 3477 912 3535 ξ
925 3477 948 3524 6.
963 3476 1002 3524 36.
1031 3475 1108 3525 nihil

56 3553 104 3599 the
117 3550 210 3599 slaves.
229 3586 232 3593 .
593 3548 701 3607 habeo,
713 3550 798 3611 quod
810 3550 982 3609 defendam,
997 3551 1003 3575 ‘
1014 3552 1027 3600 1
1039 3554 1108 3603 have

89 3624 135 3681 38,
153 3623 199 3673 39.
223 3623 309 3686 quod
326 3659 332 3670 .
356 3659 362 3670 .
385 3659 391 3672 .
411 3624 572 3682 voluisset,
593 3640 630 3674 no
641 3626 753 3675 deience
765 3632 793 3676 to
805 3627 898 3676 offer?
913 3628 956 3677 101
967 3633 1050 3678 trans.
1064 3643 1108 3679 see

56 3715 91 3748 an
110 3700 194 3749 artiul
211 3700 381 3763 euphemiam
392 3698 435 3748 101
448 3699 573 3750 Clodium
594 3715 630 3750 on
650 3702 779 3751 1111126.
796 3702 824 3764 73
844 3703 887 3751 101
902 3703 982 3755 mood
1002 3718 1038 3754 on
1055 3705 1105 3771 Ep.

56 3776 226 3828 occiderant.
594 3777 658 3828 XX„
671 3777 698 3828 1.
709 3778 733 3830 3.
