2678 4260
172 252 235 316 320
524 267 595 316 rac
616 267 645 316 r.
670 267 792 318 suini
815 266 962 318 onorio.

222 438 296 502 aliis
328 437 435 500 multa
467 437 637 523 cogitavit.
701 437 792 502 ‘Cur
823 437 940 503 dixisti
973 440 1205 504 testimonium
1236 441 1272 504 in

173 559 201 603 io
223 541 345 606 alios?'
372 541 461 620 Quia
477 548 613 606 coactus
629 564 714 606 sum.
752 542 844 607 ‘Cur
859 542 1007 608 damnati
1023 544 1148 610 sunt?'
1182 543 1272 624 Quia

225 644 389 710 creditum
421 653 481 710 est.
531 646 705 732 ‘Regnum
740 655 792 712 est
822 647 942 723 dicere,
975 649 1009 711 in
1044 670 1145 733 quem
1175 650 1269 727 velia,

225 759 259 815 et
289 747 479 827 defendere,
512 772 613 836 quem
644 751 750 816 velis'
812 752 918 816 lmino
949 754 1094 818 servitus
1125 760 1177 818 est
1203 775 1271 818 non

224 855 343 932 dicere,
368 857 402 918 in
426 877 526 940 quem
556 857 649 932 velis,
679 865 713 920 et
738 879 804 920 non
828 856 1016 935 defendere,
1046 866 1146 944 q'ue'm
1174 860 1268 924 velis.

224 961 276 1025 Ao
307 961 335 1024 si
366 961 572 1026 considerare
604 963 761 1045 coeperis
793 970 908 1026 utrum
946 964 1051 1049 magis
1088 963 1170 1026 mihi
1207 964 1268 1030 hoc

172 1083 200 1126 15
223 1087 355 1131 necesse
373 1064 476 1129 luerit
499 1065 606 1130 facere
624 1080 666 1130 'an
690 1065 783 1130 istud
807 1065 877 1142 tibi,
895 1067 1072 1153 intelleges
1095 1067 1267 1146 honestius

224 1178 257 1234 te
285 1170 535 1233 inimicitiarum
565 1169 700 1234 modum
728 1178 876 1235 statuere
905 1173 1056 1256 potuisse
1080 1161 1187 1256 ,quain
1217 1195 1268 1238 me

170 1277 210 1342 49
222 1275 452 1338 humanitatis.
501 1275 549 1338 At
575 1296 664 1352 vero,
694 1297 770 1340 cum
801 1276 906 1340 honos
936 1275 1098 1362 agebatur
1124 1275 1267 1343 familiae

223 1387 352 1445 vestiae
379 1378 614 1464 amplissimus,
638 1379 701 1444 hoc
733 1387 784 1444 est
811 1380 1008 1445 consulatus
1033 1382 1180 1465 parentis
1206 1384 1267 1460 tui,

223 1473 487 1568 sapientissimus
513 1485 564 1548 vir
588 1484 856 1550 familiarissimis
880 1487 949 1551 suis
974 1507 1042 1550 nou
1067 1477 1266 1565 suscensuit,

170 1605 199 1650 aa
222 1596 315 1674 pater
343 1596 432 1664 tuuS,
459 1610 535 1652 cum
558 1587 686 1653 Sullam
712 1597 747 1654 et
771 1588 990 1655 defenderent
1018 1597 1051 1655 et
1075 1590 1266 1668 laudarent3

223 1691 442 1778 intellegebat
457 1691 542 1756 hano
559 1692 685 1757 nobisa
702 1694 880 1758 maioribus
897 1716 967 1759 esse
992 1693 1148 1759 traditam
1174 1694 1268 1761 disci·

222 1798 358 1883 plinam,
389 1804 430 1860 ut
461 1797 587 1863 nullius
618 1799 764 1862 amicitia
795 1798 838 1862 ad
871 1799 1019 1882 pericula
1043 1799 1268 1882 propulsanda

222 1900 470 1986 impediremur.
517 1901 564 1966 Et
578 1909 650 1966 erat
665 1901 743 1966 huic
761 1901 884 1966 iudicio
907 1902 1006 1989 longe
1024 1902 1195 1968 dissimilis
1211 1905 1268 1968 illa

222 2006 403 2072 contentio.
465 2005 554 2069 Tum
585 2004 719 2070 adflicto
753 2006 790 2068 P.
824 2005 918 2070 Sulla
949 2007 1143 2072 consulatus
1174 2007 1267 2073 vobis

169 2127 199 2173 25
221 2110 419 2197 pariebatur,
443 2111 543 2174 sicuti
571 2118 686 2195 partus
714 2119 784 2185 est;
817 2111 952 2175 honoris
978 2120 1049 2176 erat
1080 2119 1265 2188 certamen3

222 2223 374 2302 ereptum
391 2222 540 2301 repetere
557 2238 617 2280 vos
636 2215 865 2292 clamitabatis,
884 2226 923 2280 ut
938 2217 1019 2281 victi
1037 2217 1071 2279 in
1093 2238 1209 2301 campo
1231 2219 1266 2281 in

221 2319 294 2385 foro
321 2321 520 2396 vinceretis3
545 2327 616 2384 tum
642 2321 701 2405 qui
725 2327 841 2384 contra
869 2343 927 2386 vos
951 2343 1010 2406 pro
1034 2321 1134 2386 huius
1159 2323 1265 2386 salute

222 2420 428 2508 pugnabant,
446 2422 637 2486 amicissimi
654 2423 768 2498 vestri,
786 2421 909 2506 quibus
934 2443 1001 2485 non
1024 2422 1263 2498 irascebamini,

220 2675 293 2712 more
313 2662 411 2724 abrupt
431 2663 465 2724 by
484 2662 593 2724 putting
615 2663 644 2722 lt,
664 2676 694 2711 as
711 2663 732 2711 lt
755 2662 836 2711 latire
856 2662 937 2724 (Mur.
956 2662 1002 2712 45.
1016 2663 1071 2725 ii);
1088 2678 1118 2713 so
1136 2664 1265 2715 amicissi-

220 2751 297 2800 were,
306 2738 337 2786 in
349 2738 396 2787 tlie
406 2737 502 2786 mouth
512 2739 542 2786 ot
553 2739 599 2786 the
609 2738 730 2799 speaker.
755 2739 800 2798 nit,
812 2737 828 2787 l.
842 2739 881 2788 28.
913 2737 1124 2795 defenderent,
1137 2753 1167 2788 as
1187 2740 1265 2790 advo·

251 2812 352 2862 11-16.
370 2813 570 2862 creditum
597 2816 660 2861 eat:
694 2827 729 2862 sc.
755 2817 811 2864 cuti·
830 2829 860 2862 or
879 2816 1001 2875 patroni.
1046 2813 1217 2872 laudarent,
1237 2828 1264 2864 as

219 2892 293 2940 milii.
329 2890 470 2952 Regnum
493 2894 548 2947 eet,
573 2896 634 2951 etc,
655 2889 732 2938 ‘itis
755 2891 921 2950 laudatores,
942 2891 1096 2940 ‘witnesses
1113 2898 1142 2939 to
1159 2892 1265 2941 charac-

220 2970 336 3028 tyranny
346 2975 382 3028 tc,
394 2973 443 3015 etc.
452 2965 473 3026 ;'
487 2979 504 3014 a
515 2967 613 3027 charge
624 2965 730 3026 already
754 2966 813 3027 tei·,'
827 2967 891 3016 Exc.
907 2967 944 3014 II.
960 2967 973 3028 ᾖ
987 2967 1023 3015 14.
1061 2967 1264 3027 disciplinam,

220 3042 356 3091 answered
370 3046 398 3090 at
411 3041 503 3104 length
517 3043 544 3090 in
558 3042 571 3103 ᾖ
583 3043 612 3089 21
626 3041 645 3089 f.
675 3041 731 3088 ini-
756 3042 894 3104 ‘custom,’
909 3043 984 3093 often
1004 3042 1097 3105 J'oined
1110 3044 1175 3092 with
1189 3045 1264 3094 inatt-

219 3117 414 3165 mioitiarum.
460 3117 553 3166 Cicero
580 3123 730 3178 represents
754 3122 814 3168 tuta
827 3120 880 3168 and
893 3133 987 3169 mores.
1006 3119 1135 3168 nullius:
1153 3120 1264 3170 forsub

220 3192 374 3256 Torquatus
385 3207 415 3241 as
427 3193 599 3255 prosecutlng
610 3192 684 3242 Sulla
701 3207 730 3241 as
753 3197 869 3244 stantive
881 3210 927 3245 use
939 3210 983 3244 see
995 3210 1030 3245 on
1044 3197 1113 3245 Mur.
1127 3195 1173 3244 87.
1185 3198 1225 3246 22.

220 3284 254 3318 an
267 3271 395 3320 inimicas
409 3269 454 3330 (cf.
470 3271 535 3331 §ll
549 3270 661 3330 22)‚n0t
674 3283 730 3318 asa
784 3270 885 3320 25-30.
918 3270 1104 3332 pariebatur,
1140 3273 1263 3322 conative

220 3347 312 3396 tostis.
349 3347 400 3395 For
412 3347 511 3396 Sulla’s
524 3347 651 3396 relations
664 3347 730 3394 with
753 3347 893 3409 imperfect
913 3348 965 3406 (see
982 3361 1016 3395 on
1035 3346 1116 3396 1.1a.
1134 3346 1188 3408 34),
1201 3352 1262 3396 turn

219 3423 266 3472 the
292 3423 364 3472 elder
395 3424 547 3485 Torquatus
570 3437 613 3472 see
637 3438 662 3485 p.
689 3423 728 3484 23,
753 3423 811 3470 into
830 3423 924 3471 active.
961 3423 1058 3470 sicuti
1074 3425 1184 3484 partus
1202 3425 1262 3471 eat:

220 3499 295 3560 §303
312 3498 377 3548 witli
390 3499 436 3546 tlie
449 3513 618 3560 youngersce
630 3513 664 3547 on
679 3498 692 3558 ς
705 3500 727 3546 2.
754 3503 835 3546 trans.
856 3511 886 3545 as
909 3497 1050 3559 suggested
1076 3497 1104 3544 in
1128 3497 1141 3558 ς
1162 3497 1201 3546 28.
1222 3497 1260 3546 35.

221 3576 258 3626 17.
752 3573 784 3620 in
804 3585 916 3634 campo
934 3573 966 3620 in
984 3573 1068 3622 foro:
1092 3573 1200 3636 explain
1218 3574 1262 3622 the

252 3650 317 3710 §aa
336 3649 437 3698 17-22.
456 3648 830 3725 agebatun‘wasatporilcr
852 3649 881 3697 of
905 3649 990 3697 words
1016 3649 1069 3696 and
1093 3653 1214 3697 contrast
1235 3646 1262 3696 of

220 3727 316 3774 state)
351 3726 615 3774 familiarissimis:
642 3725 833 3774 notlce'iilcas.
869 3726 989 3785 integro
1008 3725 1117 3782 officio,
1132 3725 1261 3774 ‘without

220 3802 267 3855 the
284 3803 452 3853 substantive
469 3817 517 3852 use
530 3803 558 3851 of
576 3803 622 3850 tlie
641 3816 731 3864 super·
753 3815 770 3850 a
781 3802 878 3850 breacli
891 3802 920 3850 ot
932 3801 1099 3864 obligation’
