2678 4260
513 233 592 289 cae.
617 234 704 300 caes,
729 233 742 301 s
764 233 867 290 cerm.
1188 225 1252 292 615

206 402 307 473 etiam
323 408 459 472 armatis
475 416 510 472 et
524 408 602 472 huic
626 408 749 473 iudicio
773 406 1039 494 praesidentibus
1062 407 1142 473 haec
1159 413 1252 475 tanta

208 511 316 576 virtus
326 533 368 576 ex
381 511 441 575 hac
453 511 532 577 urbe
543 513 741 595 expelletur,
753 511 1039 588 exterminabitur,
1051 514 1253 597 proicietur?

133 613 238 678 1020
261 636 314 679 me
338 615 542 692 miserumo
566 638 618 681 mc
642 614 833 681 infelicem!
881 615 1051 681 Revocare
1079 625 1117 680 tu
1141 640 1192 682 me
1217 619 1251 682 in

153 720 356 802 ispaniam,
381 719 475 795 Milo,
500 721 641 804 potuisti
666 742 725 805 per
751 721 820 795 hos,
846 742 908 806 ego
937 727 970 786 te
1001 721 1036 783 in
1063 723 1171 806 patria
1194 744 1253 806 per

206 821 340 888 eosdem
355 823 499 888 retinere
516 846 582 887 non
606 827 748 909 potero?
795 824 888 904 Quid
910 824 1118 909 respondebo
1141 827 1252 891 liberis

207 926 299 1002 meis,
332 927 389 1010 qui
422 933 455 990 te
486 935 657 1012 parentem
688 930 832 992 alterum
873 929 1021 1013 putant?
1060 929 1142 1014 quid
1180 930 1251 1006 tibi,

208 1029 334 1108 Quinte
366 1029 479 1107 frater,
508 1033 567 1116 qui
598 1054 687 1097 nunc
718 1032 806 1108 abes,
835 1034 980 1097 consorti
1011 1055 1141 1097 mecum
1174 1041 1253 1098 tem-

206 1155 324 1218 porum
347 1135 508 1198 illorum?
554 1158 647 1200 mene
676 1158 744 1200 non
772 1138 920 1222 potuisse
947 1137 1085 1202 Milonis
1108 1138 1251 1203 salutem

152 1254 183 1300 20
205 1240 292 1303 tueri
323 1261 382 1325 per
412 1239 554 1316 eosdem,
588 1263 647 1325 per
678 1262 762 1325 quos
795 1247 942 1304 nostram
974 1240 1031 1306 illc
1062 1243 1253 1307 servasset?

133 1345 191 1407 103
207 1341 257 1405 At
277 1343 313 1405 in
337 1364 405 1427 qua
427 1333 527 1407 causa
554 1366 620 1408 non
652 1345 829 1428 potuisse?
875 1343 1053 1423 Quodnam
1085 1367 1147 1432 ego
1178 1368 1252 1410 con·

206 1446 280 1530 cepi
308 1453 441 1511 tantum
468 1448 576 1512 scelus
599 1455 660 1512 aut
690 1447 782 1531 quod
811 1450 846 1511 in
877 1470 929 1512 me
958 1456 1091 1513 tantum
1122 1449 1253 1514 facinus

206 1549 335 1627 admisi,
352 1550 488 1628 iudices
505 1573 582 1615 cum
604 1551 663 1614 illa
686 1552 810 1616 indicia
834 1554 1019 1618 communis
1043 1555 1140 1618 exitii
1163 1554 1254 1617 inda·

184 1685 187 1690 ·
206 1657 294 1741 gavi,
311 1655 464 1740 patefeci,
481 1656 615 1740 protuli,
633 1657 786 1720 extinxi?
832 1656 958 1722 Omnes
974 1659 1010 1720 in
1026 1680 1077 1723 me
1094 1680 1252 1744 meosque

152 1775 183 1821 ao
205 1759 396 1825 redundant
422 1783 463 1825 ex
495 1760 589 1825 fonte
622 1762 680 1825 illo
711 1761 851 1824 dolores.
898 1761 991 1841 Quid
1017 1784 1069 1826 me
1097 1762 1253 1827 reducem

207 1886 278 1930 esse
295 1865 473 1930 voluistis?
505 1887 547 1929 an
571 1873 611 1929 ut
636 1866 844 1949 inspectante
868 1887 920 1930 me
942 1867 1192 1950 expellerentur
1207 1867 1251 1942 hi,

206 1989 266 2055 per
288 1991 373 2054 quos
396 1991 502 2034 essem
528 1968 729 2034 restitutus?
775 1969 899 2045 Nolite,
917 1969 1051 2034 obsecro
1075 1992 1144 2046 voe,
1168 1991 1255 2034 acer-

207 2073 333 2138 biorem
357 2073 438 2137 mihi
466 2075 535 2158 pati
563 2073 707 2138 reditum
734 2095 816 2149 esse,
842 2095 943 2158 quam
971 2073 1075 2138 fuerit
1102 2075 1158 2138 ille
1182 2076 1253 2159 ipse

208 2176 383 2242 discessus.
445 2178 531 2241 Nam
562 2180 621 2262 qui
657 2199 792 2263 possum
823 2184 941 2261 putare
974 2199 1024 2242 me
1057 2179 1253 2242 restitutum

153 2300 184 2346 ao
208 2303 290 2358 csse,
313 2281 341 2346 si
366 2282 531 2347 distrahar
555 2283 596 2347 ab
618 2282 680 2358 his,
707 2300 767 2367 per
790 2303 873 2365 quos
897 2281 1075 2346 restitutus
1098 2281 1200 2345 sum?

254 2402 417 2450 xxxvnr.
450 2386 589 2450 Utinam
606 2386 641 2448 di
664 2385 866 2449 immortales
891 2384 1049 2449 fecissent
1067 2387 1166 2469 (pace
1184 2392 1253 2460 tua,

208 2491 324 2575 patria,
341 2489 504 2564 dixerim3
521 2497 635 2555 metuo
652 2490 750 2566 enim,
768 2511 808 2553 ne
833 2489 992 2554 scelerate
1018 2487 1126 2552 dicam
1150 2489 1184 2551 in
1208 2497 1253 2565 te,

208 2592 300 2678 quod
309 2614 369 2677 pro
380 2593 507 2658 Milone
518 2593 626 2658 dicam
637 2594 722 2679 pie),
736 2594 867 2657 utinam
878 2592 915 2655 P.
926 2591 1066 2656 Clodius
1077 2613 1144 2656 non
1156 2591 1254 2656 modo

238 2841 250 2900 i
280 2843 334 2894 102.
368 2844 414 2892 18.
457 2856 540 2893 nunc
574 2844 657 2902 ebes,
688 2857 717 2894 as
738 2842 847 2905 fuerit:
866 2843 909 2892 for
925 2842 1006 2894 mood
1025 2856 1116 2894 aeeon
1135 2843 1184 2904 Ep.
1202 2842 1252 2894 VI.

207 2919 329 2969 Caesar's
341 2919 444 2983 legatus
455 2921 483 2969 in
502 2919 586 2971 Gaul:
603 2935 647 2970 see
665 2920 715 2984 Ep.
739 2919 784 2968 15.
796 2919 820 2970 8.

189 3005 192 3011 ’
206 2995 258 3047 VI.
272 2995 325 3046 Sal.
340 2999 515 3059 temporum
527 2997 659 3055 illorum,
671 2998 718 3046 the

206 3086 283 3134 years
294 3072 382 3125 58-57.
771 3071 797 3129 1,
809 3073 834 3120 2.
856 3071 1007 3122 Utinam.
1031 3107 1036 3121 .
1062 3107 1067 3120 .
1095 3069 1254 3129 fecissent,

238 3148 284 3196 19.
301 3161 391 3198 mene
413 3162 477 3198 non
499 3149 656 3211 potuisse:
680 3162 716 3199 sc.
742 3147 845 3198 ‘would
869 3150 930 3199 that
955 3150 1002 3198 the
1027 3148 1161 3198 lmmortal
1189 3149 1254 3210 gods

208 3225 395 3286 respondebor
740 3225 793 3273 had
805 3226 916 3275 ordered
931 3227 952 3274 it
965 3224 1069 3287 (thet).’
1104 3224 1158 3274 For
1174 3225 1254 3275 moed

240 3302 254 3361 ᾗ
272 3301 327 3352 103.
349 3300 394 3359 2³,
411 3302 456 3350 24.
481 3301 535 3350 illa
556 3301 718 3359 indicia,
741 3301 794 3351 end
802 3307 876 3352 tense
884 3302 917 3351 cf.
926 3303 975 3364 Ep.
987 3301 1064 3352 XIV.
1074 3301 1100 3349 1.
1112 3302 1137 3352 5.
1167 3301 1254 3351 There

208 3378 315 3440 against
337 3377 463 3427 Catilina.
505 3377 719 3440 indagavi...
742 3379 763 3428 is
786 3392 802 3427 a
821 3380 925 3441 change
944 3380 972 3426 in
991 3379 1187 3427 construction:
1207 3380 1253 3428 the

208 3453 345 3502 extinxi:
362 3467 448 3516 group
460 3468 489 3504 as
507 3456 534 3503 ln
547 3456 561 3517 ᾖ
578 3453 616 3505 lo.
631 3455 654 3512 8,
666 3455 719 3504 and
737 3454 872 3514 fecissent
884 3454 980 3503 should
992 3455 1024 3503 be
1036 3453 1161 3504 followed
1174 3454 1209 3516 by
1218 3468 1253 3504 an

208 3530 297 3579 notice
320 3530 381 3578 that
402 3532 503 3580 extinxi
526 3545 576 3579 can
598 3545 632 3593 go
655 3532 720 3580 with
741 3533 772 3580 nt
781 3529 887 3590 clause(
893 3532 942 3578 ui.
957 3564 963 3576 .
977 3566 983 3579 .
997 3528 1118 3592 eiceret),
1128 3530 1256 3580 butaiter

207 3605 313 3656 indicia
329 3606 393 3668 only
405 3607 439 3668 by
454 3620 574 3670 zeugma.
742 3606 963 3669 theparenthesis
972 3604 1066 3656 Cicero
1073 3613 1154 3656 stans
1160 3606 1254 3657 alresh

240 3682 285 3740 27,
307 3682 353 3731 28.
374 3683 482 3733 Nolite
581 3695 664 3732 esee:
684 3684 718 3732 cf.
743 3683 808 3733 with
827 3683 934 3731 utinam
955 3717 961 3731 .
984 3717 991 3731 .
1015 3717 1021 3731 .
1043 3684 1151 3732 eiceret.
1187 3682 1256 3730 dlx-

208 3757 221 3817 1
245 3757 285 3807 92.
316 3759 339 3809 5.
385 3758 521 3807 reditum
547 3758 570 3806 is
592 3772 609 3806 a
635 3772 718 3809 noun.
743 3759 831 3808 erim:
848 3757 1252 3810 lormoodseeonSull.23.38.
