2678 4260
165 226 229 296 344
502 239 574 293 rao
597 240 627 292 Ρ.
652 239 774 293 suurn
798 239 945 291 enarro.

215 409 459 498 turpitudinem
476 414 510 476 in
527 413 664 477 summis
681 413 753 476 eius
774 411 931 497 periculis
956 433 1022 475 non
1046 408 1278 495 insequeban-

160 548 169 562 ·
214 527 279 583 tur.
327 518 419 597 Quin
435 519 535 582 etiam
551 539 671 601 parens
695 524 784 592 tuus,
803 517 984 600 Torquate,
1002 517 1119 580 consul
1143 538 1199 580 reo
1223 515 1263 579 de

214 623 365 709 pecuniis
392 621 586 706 repetundis
613 621 777 685 Catilinae
802 621 869 684 fuit
895 620 1089 695 advocatus,
1114 619 1264 704 improbo

214 727 350 802 homini,
367 734 402 789 at
417 726 572 810 supplici,
590 724 729 789 fortasse
746 725 875 800 audaci,
892 732 927 788 at
941 723 1123 809 aliquando
1146 725 1262 788 amico
1337 767 1338 771 =

162 849 191 894 20
214 832 279 895 Cui
295 853 372 895 cum
388 830 500 894 adfuit
519 838 595 915 post
611 828 756 895 delatam
772 829 814 893 ad
831 851 909 894 eum
924 831 1064 914 primam
1081 830 1173 893 illam
1189 851 1260 893 cou-

213 937 422 1011 iurationem‚
441 934 604 999 indicavit
618 956 654 998 se
671 933 804 998 audisse
828 933 966 1018 aliquid,
980 955 1047 997 non
1070 932 1260 999 credidisse.

217 1041 288 1104 ‘At
317 1039 405 1103 idem
436 1060 502 1102 non
532 1037 644 1102 adfuit
672 1039 737 1101 alio
766 1039 800 1100 in
830 1037 963 1113 iudicio,
994 1059 1071 1102 cum
1107 1038 1264 1103 adessent

213 1142 335 1209 ceteri.'
382 1141 417 1205 Si
434 1149 550 1226 postea
566 1148 727 1227 cognorat
743 1142 812 1224 ipse
830 1140 969 1225 aliquid,
986 1141 1078 1226 quod
1095 1142 1131 1204 in
1146 1163 1261 1206 consu-

212 1248 284 1311 latu
312 1248 506 1332 ignorasset,
531 1245 772 1330 ignoscendum
800 1252 851 1309 cst
878 1246 928 1321 iis,
953 1247 1011 1329 qui
1033 1252 1149 1331 postea
1176 1246 1259 1310 nihil

161 1368 189 1412 25
212 1350 412 1423 audierunt3
437 1350 487 1412 sin
515 1349 571 1411 illa
602 1371 653 1412 res
684 1350 790 1433 prima
821 1349 939 1424 valuit,
964 1371 1045 1412 num
1075 1351 1259 1415 inveterata

212 1476 312 1540 quam
328 1476 442 1518 recens
460 1452 578 1517 debuit
594 1475 663 1517 esse
688 1453 846 1539 gravior?
894 1451 960 1518 Sed
983 1455 1011 1518 si
1035 1461 1115 1518 tuus
1142 1475 1260 1539 parens

212 1560 313 1624 ctiam
328 1560 362 1621 in
380 1559 451 1642 ipsa
467 1558 656 1640 suspicione
685 1558 824 1642 periculi
848 1559 900 1621 sui
917 1565 1027 1622 tamen
1052 1559 1259 1624 humanitate

211 1662 378 1728 adductus
422 1661 676 1726 advocationem
722 1662 864 1726 hominis
903 1662 1138 1747 improbissimi
1178 1664 1256 1728 sella

212 1767 318 1832 curuli
338 1774 438 1851 atque
462 1767 663 1830 ornamentis
687 1776 722 1830 et
743 1767 813 1830 suis
836 1776 871 1830 et
892 1767 1086 1831 consulatus
1109 1767 1257 1832 honesta-

160 1888 189 1931 ao
211 1873 270 1947 vit,
296 1869 378 1954 quid
405 1877 465 1946 est,
491 1891 592 1954 quam
620 1869 661 1934 ob
692 1891 761 1934 rem
792 1871 993 1947 consulares,
1011 1872 1070 1955 qui
1094 1871 1258 1936 Catilinae

160 1975 403 2050 82adfuerunt,
435 1974 745 2059 reprehendantur?
792 1975 862 2038 ‘At
893 1975 980 2039 idem
1011 1977 1063 2050 iis,
1092 1977 1150 2059 qui
1180 1984 1258 2041 ante

210 2081 299 2144 hunc
316 2100 449 2144 causam
464 2078 505 2143 de
522 2081 751 2144 coniuratione
778 2079 946 2154 dixerunt,
964 2102 1030 2144 uon
1054 2079 1257 2145 adfuerunt?

212 2185 321 2249 Tanto
344 2184 466 2248 scelere
490 2185 634 2248 astrictis
657 2185 846 2249 hominibus
872 2192 1066 2249 statuerunt
1087 2186 1171 2249 nihil
1188 2207 1255 2250 ase

210 2289 403 2363 adiumenti,
414 2288 498 2350 nihil
515 2290 596 2373 opis,
610 2288 694 2351 nihil
710 2290 827 2352 auxilii
844 2289 923 2354 ferri
939 2298 1100 2375 oportere.
1140 2290 1255 2375 Atque

158 2408 186 2453 35
210 2402 249 2458 ut
270 2393 311 2457 de
334 2415 447 2457 eorum
470 2396 657 2457 constantia
680 2401 781 2478 atque
806 2396 916 2458 animo
939 2396 974 2458 in
997 2394 1257 2479 rempublicam

209 2496 327 2572 dicam,
344 2519 487 2581 quorum
509 2498 610 2561 tacita
633 2499 780 2583 gravitas
804 2506 839 2562 et
860 2498 943 2563 fides
965 2498 1007 2563 de
1030 2520 1098 2563 uno
1120 2521 1254 2584 qnoque

240 2720 285 2777 19,
297 2720 342 2769 20.
365 2719 542 2782 aliquando,
561 2720 720 2784 ‘formerly.’
744 2723 815 2785 gnta.
851 2724 884 2770 et
895 2721 968 2777 suis,
980 2736 1010 2771 as
1022 2727 1130 2772 senator
1142 2722 1195 2772 and
1210 2737 1255 2786 pa·

208 2809 292 2847 eum:
304 2798 347 2846 for
358 2797 404 2846 the
413 2797 624 2847 demonstrative
634 2797 723 2847 where
744 2799 847 2847 trician.

208 2888 248 2923 we
271 2873 367 2922 should
390 2879 486 2935 expect
512 2874 559 2923 the
588 2871 720 2935 reflexive,
776 2875 837 2936 §82
857 2873 957 2922 31-37.
974 2875 1020 2923 At
1031 2874 1123 2934 idem,
1134 2881 1200 2926 eta:
1214 2876 1255 2927 ior

208 2950 243 3000 cf.
258 2949 333 2999 Caes.
349 2951 370 2998 1.
384 2949 409 2997 ⁵.
422 2951 449 3009 43
461 2949 486 2998 6.
499 2949 527 3012 3;
539 2949 585 2997 11.
597 2949 681 3011 3314.
696 2951 720 3011 3,
743 2951 789 2999 the
809 2951 926 3014 thought
949 2952 983 3001 cf.
1008 2952 1021 3013 ἓ
1042 2952 1065 3000 6.
1101 2952 1253 3015 Torquatus

208 3032 257 3077 etc.
292 3026 434 3086 primam:
447 3027 519 3074 what
531 3026 585 3087 adj.
595 3039 649 3074 was
657 3027 721 3075 used
742 3028 796 3076 had
816 3029 930 3090 charged
952 3029 998 3077 the
1017 3028 1176 3078 consideres
1187 3030 1254 3080 with

210 3100 369 3162 inim?
743 3103 949 3166 inconsistency‚
974 3104 1028 3152 and
1051 3105 1079 3152 in
1109 3104 1152 3153 his
1179 3105 1253 3167 reply

240 3178 339 3227 21-29.
357 3178 521 3228 audisse
539 3192 603 3228 non
621 3179 721 3229 credi·
743 3179 836 3229 Cicero
848 3181 940 3230 dwells
953 3195 1026 3244 upon
1043 3180 1116 3230 their
1128 3184 1253 3231 constan·

208 3255 305 3305 disse:
324 3256 366 3306 for
383 3256 450 3304 rhet.
466 3255 507 3318 fig.
526 3257 560 3306 cf.
574 3257 603 3317 ἐξ
621 3257 658 3304 52.
677 3257 720 3318 313
743 3258 783 3305 tiu
802 3255 830 3317 (l.
849 3258 892 3317 353
908 3259 1115 3318 constantiores,
1129 3258 1174 3319 393
1191 3272 1252 3308 coa·

207 3332 247 3381 38.
271 3333 314 3390 30;
337 3333 375 3380 22.
401 3331 440 3382 27.
483 3333 528 3379 At
556 3331 654 3380 idem:
684 3334 718 3382 cf.
741 3335 916 3394 attentissime,
944 3332 996 3396 42).
1042 3334 1250 3396 iiszceteris,

106 3431 111 3439 ·
208 3409 299 3468 Atque
323 3409 402 3467 idern,
425 3409 439 3468 ξ
462 3409 560 3457 2129.
595 3409 648 3456 illa
671 3421 720 3457 res
742 3410 755 3469 ξ
778 3410 860 3458 8114.
896 3422 1022 3458 causam
1045 3409 1251 3468 dixerunt,

207 3484 474 3545 prima2altqutd
505 3484 521 3533 Ι,
553 3485 591 3533 23.
643 3483 720 3532 sella
743 3485 910 3548 ‘pleaded
937 3488 1010 3536 their
1037 3486 1130 3547 cases‚’
1166 3487 1251 3538 ‘were

208 3560 320 3608 curuli:
352 3561 371 3608 it
394 3561 416 3609 is
440 3561 548 3610 evident
572 3561 642 3610 from
666 3562 719 3610 this
741 3562 857 3624 brought
879 3569 907 3611 to
930 3563 1010 3623 trial,’
1042 3564 1089 3612 the
1116 3563 1251 3613 technical

207 3651 317 3698 passage
338 3637 395 3694 (see
413 3651 448 3685 on
463 3639 477 3699 ᾗ
494 3639 517 3686 5.
538 3636 578 3698 19)
597 3637 656 3686 that
673 3637 719 3686 the
740 3640 904 3699 expression.
966 3642 1003 3687 ut
1030 3676 1035 3687 .
1064 3676 1070 3687 .
1099 3676 1104 3687 .
1133 3640 1249 3688 dicam:

207 3713 315 3762 consuls
327 3720 399 3763 went
412 3715 469 3763 into
483 3720 559 3762 court
577 3727 606 3762 as
623 3712 719 3762 loudo-
739 3728 854 3776 purpose
871 3715 901 3764 of
925 3716 1021 3766 what?
1061 3717 1095 3766 ef.
1117 3716 1130 3778 ᾖ
1148 3716 1187 3768 27.
1209 3718 1247 3765 21.

208 3792 279 3843 tores
300 3793 366 3843 with
388 3792 424 3841 all
447 3791 518 3840 their
536 3789 633 3840 official
654 3791 717 3840 insi·
738 3791 876 3839 tacita..
894 3790 1063 3855 .10quitur:
1075 3791 1247 3856 formetfig.
