2678 4260
190 248 251 319 268
435 261 476 317 ru
500 238 711 318 oarrtu'mn
735 262 875 317 onarro
898 262 1059 328 Quaero.

240 440 307 504 lare
339 461 404 501 non
436 461 581 522 possum.
629 439 803 503 laciuntur
834 440 922 503 eninr
954 460 1062 514 vacce,
1097 460 1183 523 quae
1217 461 1287 524 per-

240 545 383 610 veniunt
398 543 440 606 ad
464 545 552 607 auris
577 566 665 607 meas
689 566 815 619 eoruru,
840 546 898 628 qui
922 544 1028 608 vereri
1054 543 1224 619 videntur,
1248 553 1288 607 ut
1326 606 1329 611 .

241 649 376 713 babeam
424 649 505 712 satis
543 648 698 732 praesidii
731 649 772 711 ad
804 670 852 723 ea,
885 670 971 733 qnae
1003 670 1062 713 vos
1100 649 1286 712 statueritis

201 771 216 814 o
239 753 399 818 hodierno
415 751 479 828 die,
498 752 727 838 transigumla.
775 753 899 816 Omnia
915 761 949 817 et
964 754 1098 837 provisa
1113 761 1149 816 et
1171 760 1286 836 parata

240 866 274 922 et
294 859 480 922 constituta
501 866 591 931 sunt,
610 866 721 942 patres
745 857 937 941 conscripti,
961 878 1036 920 eum
1061 879 1133 920 mea
1156 877 1286 921 summa

240 985 319 1026 cura
335 972 436 1047 atque
454 962 640 1048 diligentia,
666 970 737 1026 tum
765 964 865 1026 etiam
892 963 999 1025 multo
1024 964 1145 1026 maiore
1169 961 1285 1046 populi

242 1068 383 1131 Romani
401 1066 442 1130 ad
458 1088 624 1130 summum
642 1068 818 1151 imperium
841 1065 1053 1131 retinendum
1078 1073 1113 1130 et
1135 1066 1177 1129 ad
1201 1087 1286 1130 com·

240 1193 356 1235 munes
369 1170 521 1234 fortunas
535 1170 779 1235 conservandas
790 1171 976 1235 voluntate.
1024 1171 1150 1234 Omnes
1162 1170 1286 1234 adsunt

188 1290 216 1335 10
238 1277 385 1340 omnium
403 1274 555 1339 ordinum
581 1275 740 1350 homines,
765 1276 913 1338 omnium
939 1296 1111 1362 generum,
1136 1275 1283 1339 omnium

239 1379 384 1463 denique
416 1387 583 1453 aetatum3
618 1380 756 1463 plenum
788 1389 841 1444 est
871 1379 991 1455 iorum,
1024 1380 1123 1464 plena
1160 1379 1285 1464 templa

239 1485 363 1548 circum
395 1483 515 1558 iorum,
549 1483 639 1567 pleni
672 1505 786 1547 omnes
817 1483 929 1548 aditus
961 1483 1060 1547 huius
1092 1482 1209 1567 templi
1247 1503 1284 1546 ac

239 1589 314 1652 loci.
361 1588 471 1652 Causa
498 1596 550 1652 est
575 1589 663 1652 enim
690 1597 766 1671 post
794 1588 909 1652 urbem
936 1586 1106 1652 conditam
1134 1587 1215 1652 baec
1238 1588 1284 1650 in-

239 1702 339 1758 venta
360 1694 439 1768 sola,
461 1695 496 1756 in
521 1714 587 1777 qua
611 1714 724 1756 omnes
749 1693 914 1757 sentirent
941 1714 1046 1756 unum
1071 1700 1172 1776 atque
1196 1690 1282 1756 idem

187 1805 367 1882 repraeter
397 1819 462 1873 eos,
495 1799 553 1881 qui
585 1820 660 1861 enin
693 1797 754 1861 sibi
787 1796 942 1863 viderent
969 1818 1039 1862 esse
1063 1795 1283 1881 pereundum,

187 1906 222 1967 15
235 1923 310 1966 cum
328 1902 481 1965 omnibus
498 1903 610 1986 potius
628 1923 728 1986 quam
746 1902 808 1965 soli
821 1903 928 1986 perire
945 1904 1136 1967 voluerunt.
1173 1900 1283 1966 Hasce

238 2028 300 2090 ego
316 2006 465 2069 homines
489 2007 619 2089 excipio
643 2015 678 2069 et
702 2027 839 2070 secerno
865 2006 1020 2072 lubenter
1044 2028 1154 2091 neque
1180 2007 1215 2070 in
1238 2007 1285 2069 in-

238 2108 415 2194 proborum
462 2111 597 2185 civium,
640 2109 698 2174 sed
738 2111 771 2172 in
810 2111 1096 2175 acerbissimorum
1135 2110 1282 2176 hostium

237 2236 376 2279 numero
401 2213 571 2279 habendos
599 2221 690 2298 puto.
739 2213 849 2278 Ceteri
882 2237 970 2293 vero,
1002 2215 1037 2280 di
1068 2212 1282 2281 imnortalesl

184 2333 214 2379 ac
233 2340 301 2402 qua
317 2318 517 2402 frequentia,
535 2341 603 2403 quo
619 2318 742 2393 studio,
765 2340 833 2403 qua
855 2321 981 2384 virtute
1005 2319 1048 2384 ad
1072 2341 1281 2384 communem

237 2424 380 2486 salutem
418 2422 687 2510 dignitatemque
726 2423 964 2489 consentiunt!
1012 2423 1104 2503 Quid
1136 2445 1199 2511 ego
1229 2423 1281 2488 bic

266 2580 328 2645 3,(3.
349 2581 509 2630 Iaciuntur
524 2594 629 2638 voees,
644 2583 747 2631 ‘'l'bere
771 2584 791 2631 it
814 2583 836 2632 is
858 2582 988 2647 probably
1007 2597 1024 2632 a
1046 2589 1107 2646 part
1130 2583 1159 2632 oi
1180 2597 1215 2632 au
1238 2582 1281 2633 old

234 2672 279 2706 are
302 2658 426 2719 repeated
450 2658 477 2706 in
501 2671 545 2720 my
565 2659 679 2721 hearing
701 2660 746 2708 the
769 2659 836 2722 legal
854 2674 884 2709 or
901 2660 1027 2724 religious
1044 2659 1174 2709 formula:
1191 2673 1235 2710 see
1247 2673 1281 2708 on

235 2734 320 2783 words
332 2734 369 2794 oi,
381 2734 442 2783 etc'
472 2738 521 2783 ut:
538 2736 667 2798 meaning
678 2737 748 2785 after
768 2737 837 2785 Mur.
862 2737 909 2786 2⁷.
933 2737 972 2786 la.
1026 2736 1107 2787 What
1135 2736 1235 2799 temple
1259 2735 1282 2785 is
1326 2788 1328 2793 ,

234 2825 251 2859 a
262 2811 326 2859 verb
337 2811 366 2860 oi
383 2812 511 2873 iearing?
769 2819 860 2862 meant
870 2813 883 2862 i

266 2887 347 2936 5-10.
366 2887 606 2938 Omnia:1auno
619 2903 681 2939 cero
694 2905 746 2938 om·
799 2886 862 2945 515.
888 2888 934 2946 1⁷.
946 2888 992 2938 19.
1021 2889 1231 2951 inproborum,
1252 2903 1280 2938 as

234 2965 300 3014 nia:
318 2977 361 3013 see
378 2978 413 3012 on
431 2962 479 3020 §7-
498 2965 521 3013 5.
557 2977 745 3014 summa...
767 2962 1076 3021 ini'i.100r58.32?
1110 2964 1227 3015 ceteri:
1247 2965 1280 3015 ire

234 3040 363 3088 maiore:
381 3054 424 3090 see
441 3055 476 3090 ou
496 3041 548 3091 III.
562 3041 608 3090 13.
617 3043 657 3091 48.
692 3055 746 3091 vo·
768 3056 827 3090 now
844 3056 907 3104 goes
925 3042 1043 3106 through
1065 3042 1100 3091 all
1119 3043 1166 3092 the
1184 3042 1280 3094 classes

234 3115 469 3180 luptatemotice
481 3119 516 3166 its
529 3119 665 3180 emphatic
677 3121 747 3181 posi·
767 3120 801 3181 by
829 3125 916 3180 turns,
947 3121 1118 3183 mentioning
1150 3120 1208 3170 first
1234 3120 1281 3170 the

234 3193 300 3241 tion.
336 3192 487 3250 ordinum,
512 3207 671 3255 generum:
699 3197 746 3244 the
767 3195 878 3258 knights
907 3195 965 3258 (the
988 3197 1149 3259 disposition
1177 3196 1208 3246 oi
1234 3197 1280 3246 the

234 3268 332 3316 second
345 3269 415 3317 word
430 3271 451 3318 is
463 3283 479 3318 a
490 3269 560 3319 little
572 3271 655 3320 wider
666 3273 694 3320 in
712 3274 746 3321 its
767 3278 859 3322 senate
870 3273 952 3335 being
968 3273 1062 3335 clear),
1076 3273 1142 3322 then
1160 3273 1208 3322 the
1224 3271 1281 3323 offi-

233 3351 327 3394 extent
339 3346 407 3394 than
418 3347 465 3395 the
478 3347 542 3396 first.
766 3349 816 3397 cial
830 3349 927 3398 classes
944 3349 1002 3411 (the
1015 3349 1085 3399 Ciril
1104 3349 1213 3399 Servlce
1226 3348 1279 3411 (see

275 3421 377 3479 11,13.
400 3422 565 3485 plenum,
587 3424 743 3475 ‘crowded’
765 3440 791 3488 p.
812 3427 851 3486 68,
875 3426 902 3484 §i
925 3427 964 3487 70,
990 3426 1042 3489 71),
1061 3440 1102 3476 we
1123 3427 1212 3488 might
1229 3425 1278 3476 call

233 3498 351 3546 circum
372 3499 489 3548 iorum:
514 3501 557 3550 ior
579 3502 625 3550 the
648 3503 745 3563 phrase
765 3503 862 3565 them),
881 3504 948 3552 then
967 3504 1015 3552 the
1035 3503 1143 3566 general
1163 3503 1234 3566 body
1250 3502 1280 3552 oi

232 3576 267 3624 ef.
281 3574 294 3631 i
306 3577 328 3625 9.
343 3577 366 3636 3,
385 3577 440 3625 and
457 3578 517 3640 give
534 3578 582 3626 the
599 3592 672 3627 more
690 3594 745 3628 cor·
765 3579 889 3628 ireeborn
912 3581 1032 3639 citizens,
1051 3579 1105 3629 and
1134 3579 1214 3642 lastly
1233 3578 1278 3628 the

232 3658 288 3720 rect
310 3652 389 3702 form.
441 3654 550 3716 templi
576 3666 612 3703 ac
635 3655 706 3712 loci,
729 3671 744 3704 a
765 3655 903 3704 freedmen
921 3657 974 3704 and
991 3656 1088 3706 slaves.

231 3728 371 3790 pleonasm
388 3743 513 3778 common
532 3731 559 3778 in
577 3731 678 3792 Cicero,
698 3732 744 3780 the
796 3731 841 3778 21.
864 3732 1073 3789 consentiunt,
1096 3732 1189 3784 ‘show
1209 3731 1278 3782 their

232 3805 310 3856 order
329 3806 410 3869 being
431 3807 585 3856 sometimes
608 3808 742 3870 reversed;
764 3807 911 3870 approval.'
956 3815 959 3821 '
1241 3827 1244 3831 <
