2678 4260
429 273 509 325 cur.
533 275 622 338 acar,
647 274 770 338 11111.
1101 231 1164 326 605

65 446 240 532 sapientia,
254 448 313 531 qui
329 467 431 524 sacra,
443 447 502 531 qui
519 447 745 522 caerimoniae,
758 446 819 531 qui
835 447 983 530 auspicia
998 455 1034 511 et
1048 447 1113 532 ipsi

65 550 273 615 sanctissime
290 550 469 615 coluerunt
481 558 515 614 et
527 549 621 614 nobis
637 551 707 614 suis
723 551 865 636 posteris
882 549 1110 635 prodiderunt.

66 672 172 717 xxxx
206 655 276 730 Est,
294 662 345 718 est
360 652 510 738 profecto
527 655 586 718 illa
602 655 662 730 vis,
677 676 786 737 neque
802 655 838 717 in
853 654 905 718 his
921 655 1113 738 corporibus
1125 658 1166 722 84

65 765 168 842 atque
192 759 227 820 in
251 758 311 821 hac
335 758 554 822 inbecillitate
581 765 695 822 nostra
722 759 810 822 inest
832 758 1004 843 quiddam,
1021 759 1113 843 quod

66 864 180 948 vigeat
203 869 237 926 et
259 863 392 938 sentiat,
409 883 477 926 non
504 864 592 927 inest
619 863 655 925 in
677 863 739 927 hoc
762 869 858 927 tanto
882 869 1020 933 naturae
1044 871 1112 928 tam

66 967 233 1051 praeclaro
251 973 355 1030 motu.
401 966 475 1031 Nisi
487 966 574 1032 forte
587 967 710 1031 idcirco
723 989 791 1031 non
805 974 939 1052 putant,
951 969 1030 1052 quia
1045 990 1112 1032 non

65 1078 205 1155 apparet
233 1092 295 1135 nec
327 1071 493 1147 cernitur-3
533 1070 671 1155 proinde
703 1072 799 1155 quasi
830 1078 978 1136 nostram
1008 1074 1151 1156 ipsams

66 1182 222 1250 mentem,
239 1196 307 1259 qua
329 1177 485 1259 sapimus,
503 1196 570 1260 qua
592 1175 816 1260 providemus
842 1197 909 1260 qua
935 1175 1016 1240 haec
1040 1177 1112 1260 ipsa

65 1279 195 1365 agimus
211 1300 248 1343 ac
265 1277 415 1355 dicimus,
433 1279 547 1344 videre
571 1286 632 1343 aut
653 1280 762 1365 plane,
780 1280 890 1364 qualis
906 1287 966 1343 aut
982 1279 1039 1344 ubi
1055 1280 1111 1358 sit,

64 1383 188 1448 sentire
205 1384 380 1467 possimus.
427 1383 477 1447 Ea
493 1385 543 1448 vis
560 1384 665 1469 igitur
681 1384 761 1468 ipsa,
779 1405 866 1468 quae
889 1404 986 1468 saepe
1010 1385 1113 1449 incre·

66 1486 185 1551 dibiles
213 1487 291 1551 huic
320 1486 393 1551 urbi
421 1487 601 1552 felicitates
629 1495 731 1572 atque
759 1509 838 1573 opes
869 1488 994 1564 attulit,
1019 1488 1112 1552 illam

64 1592 246 1675 perniciem
276 1592 425 1656 extinxit
454 1613 491 1656 ac
522 1593 671 1668 sustulit,
703 1594 758 1657 cui
789 1594 933 1676 primum
969 1600 1115 1658 mentem
1137 1606 1166 1651 10

65 1696 191 1772 iniecit,
219 1702 259 1759 ut
288 1696 323 1760 vi
354 1696 482 1760 irritare
514 1695 669 1780 ferroque
700 1697 860 1761 lacessere
892 1695 1112 1762 fortissimum

65 1799 175 1863 virum
202 1799 342 1865 auderet
366 1801 623 1884 vincereturque
650 1800 692 1865 ab
716 1822 765 1876 eo,
783 1823 885 1885 quern
911 1801 939 1864 si
965 1801 1110 1877 vicisset,

65 1903 241 1969 habiturus
258 1911 348 1969 esset
363 1905 598 1989 impunitatem
615 1912 649 1969 et
671 1905 843 1969 licentiam
865 1906 1111 1989 sempiternam.

65 2008 141 2071 Non
158 2017 211 2073 est
233 2009 378 2072 1111111110
401 2010 551 2084 consilio,
570 2030 610 2072 ne
634 2009 792 2074 mediocri
809 2009 956 2095 quidem,
973 2009 1112 2087 iudices
1125 2014 1164 2078 85

65 2111 204 2176 deorum
220 2113 458 2177 immortalium
473 2134 553 2177 cura
569 2135 620 2178 res
637 2114 695 2176 illa
714 2112 871 2198 perfecta.
918 2114 1110 2200 Religiones
1137 2130 1164 2176 15

65 2215 254 2280 mehercule
282 2217 382 2300 ipsae,
400 2238 485 2301 quae
514 2216 605 2280 illam
633 2217 765 2282 beluam
795 2217 912 2283 cadere
943 2218 1110 2295 viderunt,

65 2341 247 2384 commosse
270 2341 305 2384 se
329 2320 488 2385 videntur
510 2327 546 2384 et
568 2321 620 2384 ius
644 2321 679 2383 in
706 2321 765 2385 1110
792 2343 892 2385 suum
922 2322 1110 2387 retinuisse.

67 2424 137 2487 Vos
156 2425 245 2488 enim
267 2424 343 2500 iam,
362 2424 484 2489 Albani
508 2425 631 2489 tumuli
655 2432 756 2509 atque
780 2425 859 2502 luci,
876 2447 946 2502 voe,
963 2426 1111 2510 inquam,

63 2665 172 2720 iorum.
192 2663 254 2714 ‘the
270 2664 411 2724 ancients,'
433 2664 493 2714 who
510 2678 579 2714 were
633 2664 714 2712 4-12.
732 2677 795 2714 non
812 2669 939 2727 putant:
956 2679 1004 2728 sc,
1017 2680 1034 2715 a
1053 2667 1115 2717 sub-

64 2740 198 2803 supposed
211 2746 238 2788 10
247 2741 413 2789 understand
422 2741 469 2789 the
480 2745 579 2790 secreta
600 2741 655 2803 ject
673 2742 744 2790 from
762 2745 917 2804 quisquam,
937 2743 950 2803 ἓ
971 2743 1010 2792 83.
1032 2743 1115 2805 33,10

64 2816 94 2866 of
115 2817 162 2865 the
182 2818 307 2866 universe
329 2817 424 2878 better,
446 2831 476 2866 as
498 2817 579 2880 being
601 2818 689 2867 which
712 2832 729 2867 a
756 2818 895 2882 following
922 2819 1009 2881 plural
1037 2820 1114 2870 often

64 2893 281 2942 nearertotheir
292 2893 387 2955 origin.
600 2894 692 2944 refers.
744 2894 844 2955 qualis
877 2898 931 2943 aut
964 2894 1020 2943 ubi
1054 2895 1113 2944 eit:

599 2974 683 3019 trans.
697 2970 731 3032 by
745 2983 845 3021 nouus:
868 2971 903 3020 ci.
917 2971 986 3020 Sest.
1007 2970 1114 3034 131.1;

97 3046 170 3106 184.
189 3046 251 3094 1-4.
276 3046 425 3107 usquein
440 3045 495 3103 hie,
513 3052 575 3108 etc,
598 3046 664 3095 12⁷.
689 3047 733 3108 213
762 3047 806 3094 ⁷1.
829 3048 857 3109 33
880 3047 926 3095 66.
950 3049 994 3109 213
1018 3047 1064 3096 62.
1086 3049 1111 3098 8.

47 3118 132 3171 “nor
154 3123 218 3173 does
241 3124 318 3173 there
345 3124 417 3174 exist
443 3124 472 3173 in
500 3123 576 3172 these
599 3123 729 3172 auderet
764 3124 1021 3185 vincereturque:
1066 3123 1113 3174 the

65 3200 157 3249 bodies
168 3199 222 3247 and
235 3201 262 3248 in
279 3200 334 3248 this
354 3199 416 3248 frail
435 3204 531 3249 nature
547 3200 577 3249 oi
598 3213 661 3260 -qne
673 3214 767 3249 means
778 3199 846 3249 ‘and
859 3200 908 3259 s0‚'
921 3201 984 3249 thus
995 3199 1114 3262 givinga

64 3290 127 3325 ours
139 3277 322 3338 asomething
341 3276 430 3325 which
449 3276 472 3324 ie
489 3275 576 3325 active
598 3275 770 3324 consecutive
792 3275 865 3325 force
889 3281 917 3324 10
939 3275 987 3325 the
1014 3275 1114 3328 second

63 3352 117 3401 and
125 3352 253 3413 sentient,
261 3352 378 3403 without
388 3353 422 3401 its
431 3351 577 3402 alsoexist-
598 3351 671 3401 verb.
713 3362 806 3411 quem
823 3351 859 3408 si,
881 3350 1016 3402 ‘whereas
1037 3351 1059 3400 ii
1078 3351 1114 3401 he

63 3429 111 3491 ing
124 3429 188 3487 (noa
199 3429 280 3488 inest)
296 3429 324 3478 in
339 3428 394 3477 this
406 3429 511 3490 mighty
522 3428 575 3477 and
600 3426 732 3488 (Clodius)
744 3427 798 3476 had
814 3427 897 3477 killed
915 3428 973 3477 him
991 3425 1111 3490 (Milolz’

63 3504 234 3566 marvellous,
248 3505 309 3555 etc'
345 3505 403 3554 The
411 3505 501 3554 clause
512 3516 576 3552 non
598 3503 631 3554 ci.
647 3504 660 3564 §
672 3502 712 3555 19.
726 3503 765 3552 24.

61 3582 146 3630 inest
162 3616 168 3628 .
185 3616 191 3628 .
208 3617 214 3628 .
231 3585 319 3630 motu
331 3582 353 3630 is
369 3581 447 3630 made
464 3581 577 3630 co-ordi-
630 3580 694 3640 §itt
707 3579 809 3628 15-1a
820 3579 1007 3640 Religionee,
1021 3578 1112 3630 ‘sanc-

61 3664 136 3717 11111,
149 3656 229 3707 while
242 3659 270 3707 111
282 3657 397 3719 English
409 3659 430 3705 11
442 3657 531 3708 would
544 3657 576 3706 be
598 3655 717 3705 tuaries.’
747 3655 988 3704 mehercule:
1003 3655 1113 3718 explain

62 3734 141 3784 made
149 3734 331 3783 subordinate.
345 3733 398 3782 For
406 3734 452 3783 the
459 3733 576 3797 thought
598 3732 736 3793 1111101111,
750 3731 805 3780 and
825 3732 886 3794 give
897 3745 914 3780 a
925 3731 1030 3781 similar
1050 3746 1111 3782 one.

61 3809 98 3862 cf.
112 3808 181 3863 Seet.
194 3808 240 3857 47.
252 3809 283 3856 21
296 3808 315 3862 f.
599 3807 721 3868 Albani,
734 3806 853 3863 Clodius’
867 3807 958 3861 Alban
971 3807 1018 3869 (cf.
1031 3808 1111 3868 1141.
