2678 4260
195 243 260 317 598
458 259 529 315 rao
552 258 583 314 r.
605 257 728 316 inmo
751 258 895 314 unone
917 256 1066 313 omno.

247 440 486 521 ciren1,quern
509 445 656 512 senatus,
685 459 785 521 quem
809 436 954 522 populus
983 437 1167 512 Romanus,
1193 452 1291 520 quem

193 557 224 602 ao
246 564 359 606 omnes
395 552 513 628 gentes
551 541 642 605 urbis
673 564 711 604 ac
744 543 833 605 vitac
866 542 991 605 civium
1023 547 1289 605 conservatorem

247 645 445 721 iudicarant,
476 667 649 710 servorum
681 646 781 710 armis
813 646 1061 720 exterminavit,
1101 666 1191 720 eum,
1235 644 1289 728 qui

246 771 349 836 regna
365 748 467 825 dedit,
484 749 618 823 ademit,
636 748 749 813 orbem
766 757 939 824 terrarum,
954 747 1157 832 quibuscum
1174 748 1289 822 voluit,

249 855 393 938 partitus
409 862 470 929 est,
488 875 575 929 eum,
597 854 655 937 qui
676 853 830 937 plurimis
852 852 1010 916 caedibus
1035 853 1070 915 in
1096 851 1170 915 foro
1194 851 1290 915 factis

203 983 206 986 ·
246 959 407 1042 singulari
431 958 557 1022 virtute
585 966 619 1022 et
643 957 750 1042 gloria
777 957 886 1021 civem
912 955 1049 1019 domum
1072 956 1107 1020 vi
1135 964 1171 1020 et
1193 956 1290 1020 armis

193 1078 222 1123 25
245 1061 416 1144 compulit,
441 1083 528 1136 eum,
555 1062 610 1124 cui
641 1061 727 1123 nihil
755 1082 914 1144 umquam
944 1058 1039 1124 nefas
1071 1059 1139 1122 fuit
1164 1081 1228 1124 nec
1258 1061 1290 1122 in

246 1164 390 1228 facinore
418 1186 479 1228 nec
504 1166 537 1226 in
561 1164 710 1239 libidine,
728 1186 815 1241 eum,
839 1165 898 1249 qui
922 1163 1037 1227 aedem
1060 1163 1292 1248 Nympharum

246 1268 406 1343 incendit,
438 1276 478 1332 ut
507 1269 700 1331 memoriam
731 1269 901 1352 publicam
931 1268 1134 1333 recensionis
1168 1267 1290 1333 tabulis

193 1372 390 1456 republicis
416 1374 608 1457 impressam
626 1374 852 1458 extingueret,
870 1394 946 1437 eum
973 1371 1128 1456 denique,
1149 1373 1205 1436 cui
1229 1373 1289 1436 iarn

246 1476 340 1539 nulla
361 1476 418 1540 lex
441 1484 523 1551 erat,
547 1477 679 1539 nullum
704 1477 809 1540 civile
841 1477 903 1552 ius,
932 1476 1018 1539 nulli
1045 1478 1290 1561 possessionum

193 1595 222 1640 ³0
244 1582 389 1657 termini,
408 1582 467 1664 qui
484 1603 551 1644 non
568 1582 735 1644 calumnia
751 1582 874 1656 litium,
893 1603 960 1644 non
978 1582 1112 1646 iniustis
1136 1581 1290 1646 vindiciis

246 1707 283 1748 ac
309 1687 526 1750 sacramentis
557 1686 683 1750 alienos
714 1685 848 1762 fundos,
880 1685 942 1767 sed
971 1687 1097 1762 castris
1129 1688 1290 1762 exercitu,

245 1790 350 1874 signis
366 1789 549 1855 inferendis
566 1789 711 1873 petebat,
730 1791 871 1874 quinon
895 1790 1005 1854 solum
1030 1789 1193 1855 Etruscos
1220 1793 1291 1871 (ecs

245 1895 334 1957 enim
349 1895 484 1978 penitus
506 1895 783 1977 contempserat),
808 1893 867 1958 sed
891 1894 980 1958 hunc
998 1893 1036 1956 P.
1060 1893 1215 1972 Varium,
1231 1895 1292 1959 for

249 1999 548 2082 tissimumatque
580 1999 744 2082 optimum
787 1999 904 2074 civem,
945 1998 1090 2062 iudicem
1129 2007 1289 2074 nostrum,

191 2117 221 2162 35
244 2102 366 2186 pellere
383 2102 648 2185 possessionibus
664 2103 763 2165 armis
780 2104 966 2187 castrisque
989 2111 1129 2167 conatus
1154 2111 1217 2180 est,
1235 2105 1290 2188 qui

245 2228 322 2270 cum
337 2205 527 2270 architectis
544 2213 579 2270 et
601 2205 812 2289 decempedis
839 2207 936 2270 villas
961 2207 1144 2270 multorum
1168 2207 1291 2272 hortos·

246 2331 311 2393 quc
336 2310 542 2395 peragrabat,
560 2311 618 2394 qui
643 2310 796 2374 laniculo
822 2318 857 2374 et
881 2310 1027 2394 Alpibus
1050 2332 1144 2395 spem
1168 2333 1291 2396 posses

247 2414 380 2478 sionum
398 2415 594 2478 terminarat
609 2435 755 2490 suarum,
773 2416 832 2498 qui
854 2436 931 2478 cum
947 2414 988 2478 ab
1004 2416 1118 2498 equite
1142 2415 1290 2480 Romano

248 2517 424 2601 splendido
440 2526 475 2582 ct
490 2517 579 2592 forti,
596 2518 644 2580 M.
662 2517 818 2592 Paconio,
837 2540 904 2581 non
929 2520 1149 2603 impetrasset,
1168 2527 1208 2583 ut
1231 2519 1289 2584 sibi

189 2639 221 2684 40
244 2623 387 2686 insulam
412 2623 447 2685 in
471 2622 548 2686 lacu
577 2621 682 2685 Prilio
711 2622 881 2698 venderet,
908 2630 1044 2706 repente
1075 2623 1235 2688 lintribus
1258 2625 1289 2687 in

245 2748 318 2791 eam
343 2726 494 2790 insulam
516 2727 701 2801 materiem,
733 2727 867 2802 calcem,
890 2734 1072 2803 caementa,
1104 2748 1197 2791 arma
1220 2748 1291 2792 con·

245 2831 341 2894 vexit
356 2829 559 2914 dominoque
576 2837 667 2893 trans
683 2831 790 2914 ripam
806 2831 1015 2915 inspectante
1032 2852 1100 2894 non
1124 2830 1291 2896 dubitavit

243 3105 278 3154 he
299 3104 353 3154 had
376 3111 426 3167 put
447 3105 491 3154 his
515 3104 604 3154 wife’s
621 3104 709 3154 slaves
726 3110 755 3154 tc
780 3104 846 3154 107.
870 3105 909 3155 23.
930 3105 1039 3155 aedem
1062 3104 1289 3168 Nympharum:

243 3186 355 3231 torturc.
781 3183 824 3232 for
835 3182 882 3230 the
893 3182 950 3230 fact
962 3195 1005 3230 sec
1018 3195 1054 3231 on
1066 3182 1133 3231 Sest.
1147 3181 1195 3231 04.
1207 3184 1231 3233 4.

274 3256 376 3307 19-26.
393 3257 502 3315 civem,
527 3257 629 3307 Cicero.
663 3270 756 3319 regna
813 3257 1291 3319 §74.3040.in1usus...aa0n-

244 3333 346 3383 dedit:
363 3334 406 3383 for
428 3334 475 3383 the
492 3334 549 3384 fact
566 3334 601 3383 cf.
621 3334 689 3384 Sest.
709 3333 755 3382 56.
780 3335 901 3392 mentis,
916 3333 1019 3397 ‘illegal
1038 3333 1111 3383 titles
1125 3334 1180 3384 and
1198 3335 1291 3386 securi·

244 3412 282 3459 11.
307 3409 439 3459 ademit:
456 3411 499 3460 for
510 3411 556 3459 the
568 3411 626 3460 fact
638 3410 672 3460 cf.
684 3411 753 3460 sest.
780 3411 849 3460 ties)
886 3411 920 3459 In
931 3411 982 3460 law
993 3425 1010 3459 a
1025 3414 1229 3462 sacramentum
1241 3425 1291 3461 was

244 3487 309 3548 556.
343 3487 478 3548 partitus
491 3490 557 3536 est:
574 3489 617 3536 for
634 3488 681 3536 the
699 3487 756 3535 fact
780 3503 796 3536 a
807 3503 867 3536 smn
879 3489 908 3536 of
919 3502 1016 3550 money
1027 3487 1169 3549 deposited
1182 3489 1216 3552 by
1227 3488 1291 3539 both

243 3562 278 3612 cf.
303 3563 372 3613 Sest.
397 3563 443 3611 24.
465 3563 505 3613 34.
541 3564 652 3620 civem,
677 3564 756 3613 Pom·
781 3567 880 3627 parties
899 3570 927 3613 to
946 3579 962 3613 a
980 3565 1034 3613 suit
1049 3565 1103 3613 and
1118 3565 1291 3628 forfeitedby

243 3640 332 3702 peius:
349 3640 392 3690 for
403 3641 450 3690 the
461 3641 516 3690 fact
529 3641 563 3690 ct.
578 3642 592 3702 ξ
608 3642 645 3691 18.
666 3641 752 3690 33·38.
781 3642 826 3691 the
839 3642 915 3692 loser.
946 3641 977 3690 P.
990 3639 1127 3698 Varium,
1138 3640 1291 3692 mentioned

243 3715 366 3766 nihil..
383 3753 389 3766 .
406 3730 465 3767 nec
482 3753 488 3766 .
506 3730 624 3767 ..necz
644 3719 687 3767 for
710 3719 756 3767 the
780 3720 844 3768 here
867 3719 938 3781 only.
974 3715 1078 3775 Prilio,
1096 3732 1113 3767 a
1136 3719 1216 3769 small
1234 3719 1292 3770 lake

243 3793 341 3846 double
351 3795 491 3859 negatives
503 3794 538 3844 ci.
552 3795 621 3846 Sest.
636 3794 702 3843 141.
711 3796 756 3860 223
780 3796 809 3845 in
821 3795 937 3846 Etruria.
