2678 4260
186 241 248 306 292
535 253 608 302 eno
632 253 662 302 Ρ.
688 252 810 303 sunm
834 252 982 302 onnrro.

235 448 321 514 quae
347 425 438 492 facta
462 434 577 492 contra
607 448 676 502 vos,
693 425 804 490 delata
831 425 874 490 ad
900 448 969 502 vos,
996 448 1015 489 a
1041 426 1134 491 vobis
1153 427 1284 512 prolata

183 550 212 595 2⁵
234 553 306 597 esse
337 530 470 606 dicitur,
502 553 564 615 ego
596 531 691 594 testis
723 551 794 594 esse
822 551 893 616 ,non
924 531 1039 615 potui3
1078 552 1145 593 non
1185 530 1284 594 modo

234 637 345 700 animo
377 634 462 697 nihil
493 635 649 718 comperi,
682 633 741 698 sed
772 635 829 698 vix
862 633 904 696 ad
935 655 1030 699 aures
1062 656 1151 699 meas
1184 635 1284 699 istius

185 745 221 806 1³
236 739 435 824 suspicionis
475 737 564 802 fama
603 738 765 822 pervenit.
821 737 892 816 Qui
934 738 1026 802 vobis
1067 739 1102 801 in
1141 740 1284 804 consilio

234 844 384 919 fuerunt,
415 844 475 927 qui
513 841 684 907 vobiscum
723 842 780 906 illa
810 850 1009 928 cognorunt,
1041 842 1164 928 quibus
1201 844 1284 927 ipsis

235 949 422 1034 periculum
451 955 523 1010 tum
549 943 685 1010 conflari
713 945 904 1029 putabatur,
933 947 993 1031 qui
1020 947 1190 1033 Autronio
1215 968 1284 1011 non

183 1068 212 1113 so
234 1051 426 1126 adfuerunt,
456 1051 514 1135 qui
547 1051 581 1112 in
612 1050 708 1112 illurn
741 1050 932 1114 testimonia
963 1051 1078 1136 gravia
1109 1049 1282 1128 dixerunt,

235 1156 323 1220 hunc
351 1153 549 1229 defendunt,
568 1153 645 1216 huic
675 1151 809 1229 adsunt,
827 1153 861 1215 in
885 1153 986 1218 huius
1007 1155 1155 1237 periculo
1176 1153 1285 1219 decla-

235 1268 311 1324 rant
333 1281 367 1323 se
392 1280 459 1323 non
478 1259 615 1323 crimine
639 1257 890 1334 coniurationis
908 1280 949 1323 ne
971 1257 1131 1330 adessent
1152 1261 1283 1337 ceteris,

234 1364 294 1430 sed
325 1364 497 1427 hominum
529 1361 691 1426 maleficio
723 1361 901 1435 deterritos
932 1384 1013 1426 esse.
1066 1363 1136 1428 Mei
1167 1385 1285 1429 consu-

235 1471 323 1534 latus
350 1475 462 1532 autem
489 1475 621 1552 tempus
648 1474 683 1530 et
703 1467 829 1531 crimen
856 1467 1018 1532 maximae
1041 1468 1283 1534 coniurationis

183 1589 211 1634 35
234 1595 253 1637 a
281 1594 331 1636 me
359 1570 569 1636 defendetur.
631 1573 747 1656 Atque
773 1570 854 1635 haec
877 1571 1039 1636 internos
1061 1572 1198 1657 partitio
1215 1595 1284 1659 non

242 1684 294 1742 est
329 1676 479 1751 fortuito,
521 1674 657 1748 iudices,
695 1696 754 1738 nee
792 1683 915 1739 temere
955 1674 1062 1752 facta3
1101 1675 1170 1752 sed,
1205 1699 1284 1741 oum

236 1780 425 1846 videremus
461 1801 576 1843 eorum
610 1780 788 1842 criminum
825 1801 884 1843 nos
924 1787 1082 1864 patronos
1120 1779 1282 1857 adhiberi,

146 1924 151 1932 ·
235 1906 379 1971 quorum
395 1891 497 1948 testes
517 1904 588 1948 esse
612 1905 793 1967 possemus,
818 1891 960 1968 uterque
985 1892 1138 1948 nostrum
1160 1884 1195 1947 id
1218 1885 1283 1949 sibi

183 2007 212 2051 sc
234 1988 485 2074 suscipiendum
509 1989 653 2071 putavit,
671 1986 711 2050 de
736 2008 803 2072 quo
831 1987 960 2072 aliquid
982 1989 1066 2052 scire
1092 1989 1163 2073 ipse
1179 1997 1282 2074 atque

184 2099 221 2159 14
236 2091 426 2158 existimare
458 2093 630 2176 potuisset.
690 2109 724 2155 V.
757 2091 803 2154 Et
833 2093 991 2176 quoniam
1017 2091 1058 2157 de
1085 2093 1281 2158 criminibus

233 2198 414 2283 superioris
431 2197 669 2260 coniurationis
689 2195 909 2260 Hortensium
930 2195 1111 2283 diligenter
1126 2197 1281 2274 audistis

234 2301 275 2366 de
303 2301 363 2366 hac
395 2302 634 2376 coniuratione,
661 2321 746 2385 quae
778 2321 830 2363 me
858 2301 995 2365 consule
1019 2299 1109 2366 facta
1133 2309 1194 2381 est,
1219 2301 1281 2368 hoc

234 2407 377 2491 primum
400 2404 576 2469 attendite.
1111 2479 1113 2487 .

198 2527 212 2570 5
281 2510 402 2587 Multa,
429 2531 506 2573 cum
532 2530 639 2573 essem
665 2508 793 2583 consul,
819 2507 861 2573 de
888 2509 1027 2573 summis
1055 2509 1102 2573 rei
1127 2509 1282 2594 publicae

265 2717 327 2779 513.
348 2714 448 2763 26-29.
466 2715 576 2771 animo,
587 2720 634 2762 not
644 2714 745 2763 needed
768 2715 800 2763 bc
817 2713 922 2776 strictly
936 2720 1044 2764 correct.
1080 2713 1220 2772 fortuito,
1237 2719 1282 2765 te·

234 2793 276 2844 for
285 2794 331 2842 the
344 2805 429 2852 sense,
444 2791 491 2840 but
507 2791 623 2840 inserted
645 2796 673 2839 to
692 2790 747 2839 bal·
768 2802 858 2847 mere,
884 2789 1097 2853 ‘accidentally,’
1130 2791 1279 2855 ‘blindlyt’

234 2884 300 2919 ance
310 2870 453 2919 adseres:
465 2868 499 2917 ci.
515 2868 536 2916 Ι.
550 2867 595 2915 12.
604 2868 644 2916 28.
674 2879 746 2918 con·
769 2868 814 2916 the
833 2867 889 2916 first
905 2867 1017 2916 denotes
1035 2880 1107 2916 mere
1125 2868 1239 2918 absence
1253 2869 1284 2919 of

233 2946 318 2995 silio:
330 2959 374 2995 see
386 2959 420 2994 on
434 2945 456 2994 1.
470 2944 494 2991 2.
509 2944 702 3004 14311e1·eused
718 2945 747 2994 oi
769 2942 917 3004 reflection3
935 2944 981 2992 the
998 2945 1086 3005 latter,
1101 2945 1217 2995 reekless
1229 2945 1283 2995 dis-

234 3024 281 3071 the
308 3036 393 3084 group
415 3022 444 3070 of
472 3021 590 3069 edv1se1s
618 3021 746 3082 gathered
769 3020 862 3082 regard
879 3020 909 3069 of
925 3021 971 3069 the
989 3021 1203 3071 considerations
1222 3036 1283 3086 sug·

235 3099 320 3148 ronnd
335 3099 392 3146 him
411 3098 504 3159 hythe
526 3096 633 3146 consul:
651 3098 685 3146 cf.
700 3099 746 3146 the
768 3097 858 3159 gested
878 3097 912 3158 by
931 3095 1075 3146 reflection.
1118 3097 1283 3146 criminum

234 3175 355 3224 cabinets
373 3174 402 3222 of
419 3187 468 3222 our
479 3173 637 3235 presidents.
674 3185 746 3222 con·
768 3175 925 3233 patronos.
940 3172 985 3222 ‘as
999 3166 1141 3222 advocates
1159 3179 1188 3223 to
1206 3179 1283 3225 nvert

235 3250 335 3306 ilaris
353 3250 467 3299 favorite
481 3250 552 3299 word
567 3251 634 3298 with
654 3248 747 3299 Cicero
769 3250 816 3298 the
838 3249 967 3311 charges!
1015 3250 1081 3298 This
1106 3264 1153 3299 use
1176 3251 1206 3299 of
1233 3265 1284 3312 pa·

235 3328 279 3376 ior
305 3327 445 3376 malicious
472 3327 525 3375 and
554 3326 746 3376 underhanded
770 3329 865 3374 tronus
883 3325 925 3374 ior
941 3339 992 3374 one
1010 3326 1071 3374 who
1089 3331 1178 3376 averts
1197 3341 1284 3376 some·

235 3404 416 3465 proceedings.
770 3405 848 3465 thing
860 3404 881 3452 is
895 3403 1018 3464 unusual,
1033 3404 1137 3467 though
1156 3403 1284 3465 defensor

267 3478 366 3528 34-37.
386 3479 509 3535 crimen,
527 3486 591 3528 ete:
614 3479 648 3528 ci.
671 3481 685 3541 §
708 3482 745 3529 12.
770 3483 792 3530 is
804 3482 879 3530 often
892 3495 921 3530 so
934 3482 1008 3530 used.

237 3557 275 3606 18.
310 3556 476 3604 maximae:
494 3556 540 3604 the
552 3556 713 3617 superlative
726 3557 747 3605 is
1161 3615 1164 3619 .

236 3633 390 3682 sometimes
409 3632 473 3680 used
493 3631 591 3692 loosely
608 3633 635 3680 in
656 3632 745 3693 Latin,
801 3632 865 3688 114.
885 3631 910 3689 2,
921 3632 945 3680 3.
963 3633 1167 3682 Hortensium
1179 3634 1283 3683 audis-

236 3723 265 3758 as
276 3709 303 3757 in
314 3708 436 3771 English,
446 3709 488 3756 ior
495 3722 546 3757 oue
556 3708 584 3756 oi
597 3717 648 3757 two
657 3709 748 3771 things
770 3709 818 3764 tis,
831 3724 856 3770 p.
872 3711 910 3770 16,
924 3711 935 3768 ξ
948 3710 972 3758 9.
1007 3709 1072 3766 hac,
1087 3711 1149 3759 ‘the
1161 3710 1280 3765 recentz'

236 3784 308 3856 only,
317 3785 406 3841 where
414 3784 462 3836 the
473 3785 652 3854 comparative
662 3784 748 3842 would
771 3799 814 3843 see
832 3800 866 3840 ou
886 3786 962 3836 illum.
980 3787 1028 3841 W,
1048 3786 1074 3836 9.
1085 3789 1108 3842 6.
