2678 4260
63 244 67 249 ·
165 230 230 302 460
508 244 580 301 rac
603 245 634 301 r.
659 247 785 301 sasrro
810 245 959 302 orario.

218 444 284 508 que
310 420 505 486 consulibus
521 443 611 485 arma
634 423 668 484 in
687 423 849 507 templum
875 422 1023 487 Castoris
1047 423 1155 507 palam
1179 445 1267 487 com-

220 525 449 610 portabantur,
466 525 589 611 gradus
608 525 756 590 eiusdem
774 527 891 610 templi
909 527 1125 603 tollebantur,
1145 529 1267 592 armati

219 630 370 693 homines
410 629 521 692 forum
552 638 587 693 et
617 631 789 694 contiones
830 630 1000 706 tenebant,
1037 631 1154 696 caedes
1185 633 1268 716 lapi-

165 749 193 795 15
215 733 435 817 dationesque
464 732 598 810 fiebant,
628 734 743 797 nullus
766 742 839 798 erat
861 743 1007 810 senatus,
1032 734 1115 797 nihil
1139 735 1266 819 reliqui

217 840 443 924 magistratus,
460 859 550 902 unus
567 860 700 902 omnem
717 838 867 902 omnium
883 845 1085 923 potestatem
1106 840 1206 903 armis
1231 847 1267 903 et

216 942 400 1007 latrociniis
423 941 617 1026 possidebat
640 964 706 1005 non
730 943 845 1026 aliqua
864 944 897 1005 vi
922 964 992 1018 sua,
1009 943 1078 1018 sed,
1096 964 1172 1006 curn
1196 942 1265 1007 duo

218 1046 373 1110 consules
390 1067 409 1109 a
425 1068 459 1110 re
476 1045 612 1129 publica
628 1046 877 1129 provinciarum
901 1046 1033 1111 foedere
1058 1047 1265 1124 retraxisset,

218 1149 413 1226 insultabat,
443 1149 687 1226 dominabatur,
713 1150 788 1214 aliis
816 1151 1047 1235 pollicebatur,
1077 1159 1201 1215 terrore
1226 1172 1264 1215 ao

162 1272 192 1317 ac
214 1261 307 1319 metu
324 1255 458 1331 multos
475 1254 581 1338 pluris
599 1256 699 1319 etiarn
715 1276 773 1338 spe
790 1263 825 1319 et
841 1256 1011 1339 promissis
1029 1255 1174 1320 tenebat.

163 1357 201 1418 35
259 1359 353 1438 Quae
378 1380 455 1422 cum
478 1367 593 1423 essent
615 1360 687 1422 eius
714 1358 813 1434 modi,
847 1358 987 1434 iudices
1020 1381 1096 1423 cum
1126 1367 1264 1424 senatus

214 1462 316 1527 duces
354 1463 466 1526 nullos
504 1484 541 1526 ac
573 1485 632 1547 pro
664 1462 807 1527 ducibus
839 1462 1024 1547 proditores
1055 1471 1115 1526 aut
1149 1465 1263 1548 potius

214 1573 346 1650 apertos
372 1566 486 1630 hostes
510 1566 658 1641 haberet,
684 1574 842 1650 equester
866 1566 946 1630 ordo
970 1589 1046 1631 reus
1077 1589 1096 1630 a
1120 1568 1264 1631 consuli·
1330 1572 1337 1588 ’

214 1669 275 1734 bus
291 1671 461 1744 citaretur,
479 1669 597 1734 Italiae
615 1671 720 1734 totius
737 1671 919 1734 auctoritas
944 1669 1188 1754 repudiaretur,
1206 1672 1263 1735 alii

160 1788 189 1833 25
212 1774 408 1837 nominatim
436 1774 675 1859 relegarentur,
707 1774 764 1836 alii
795 1781 888 1837 metu
920 1781 955 1838 et
985 1775 1134 1858 periculo
1163 1781 1264 1840 terre·

213 1885 339 1952 rentur,
365 1898 454 1940 arma
477 1885 591 1941 essent
612 1878 648 1940 in
672 1877 816 1961 templis,
841 1879 960 1941 armati
988 1879 1022 1941 in
1048 1877 1130 1955 foro,
1155 1899 1262 1964 eaque

215 2002 282 2045 non
304 1981 438 2045 silentio
461 1981 636 2045 consulum
661 1980 962 2057 dissimularentur,
984 1981 1043 2046 sed
1065 1989 1099 2046 et
1122 2003 1203 2046 voce
1227 1991 1262 2048 et

215 2086 383 2149 sententia
407 2085 711 2169 comprobarentur,
729 2107 806 2149 cum
830 2107 945 2150 omnes
970 2085 1084 2150 urbem
1110 2086 1261 2151 nondum

212 2190 359 2254 excisam
383 2197 417 2254 et
440 2211 601 2266 eversam,
624 2189 683 2254 sed
699 2191 765 2253 iam
788 2198 920 2274 captam
943 2198 1045 2275 atque
1069 2213 1262 2275 oppressam

159 2308 189 2354 30
210 2292 421 2358 videremus:
463 2301 574 2357 tamen
611 2294 663 2357 his
702 2295 806 2358 tantis
844 2295 940 2359 malis
973 2303 1068 2358 tanto
1099 2294 1262 2358 bonorum

211 2397 334 2474 studio,
351 2397 488 2473 iudices
512 2399 770 2475 restitissemus3
795 2399 854 2464 sed
877 2421 928 2463 me
945 2400 1002 2463 alii
1024 2393 1132 2463 metus
1156 2407 1259 2484 atque

211 2502 294 2567 aliae
311 2525 409 2567 curae
426 2505 702 2589 suspicionesque
721 2512 910 2574 moverunt.

239 2716 285 2765 12.
302 2717 453 2779 templum
466 2717 611 2776 Castoris,
624 2733 659 2767 on
671 2719 718 2768 the
743 2719 900 2769 correlative
912 2720 939 2769 in
953 2721 969 2770 l.
981 2721 1019 2770 30.
1056 2720 1109 2768 alii
1120 2721 1260 2770 nomina·

208 2795 288 2844 south
301 2795 358 2844 side
369 2795 398 2844 of
414 2796 461 2844 tire
479 2797 576 2858 iorum,
591 2810 657 2845 near
672 2796 718 2845 tlre
742 2795 813 2843 t1m:
834 2796 929 2845 Lamia
948 2797 1023 2859 only3
1047 2798 1091 2846 ior
1107 2797 1154 2846 tire
1171 2796 1259 2858 plural

208 2875 313 2919 eastern
338 2872 398 2920 end.
435 2871 461 2921 It
485 2886 538 2921 was
562 2873 627 2921 used
651 2886 680 2921 as
703 2887 718 2921 a
743 2872 777 2921 cf.
792 2873 841 2923 IV.
853 2872 933 2935 6.28;
951 2874 972 2923 I.
985 2874 1010 2920 4.
1022 2874 1050 2935 53
1067 2873 1142 2923 324.
1172 2877 1260 2922 metu

208 2945 365 3006 strongiroid
392 2946 426 3008 by
456 2947 503 2995 the
531 2947 665 2997 followers
690 2947 719 2996 oi
743 2951 775 2996 et
786 2949 942 3010 periculo:
960 2950 995 2998 ci.
1015 2950 1082 3011 533,
1101 2949 1141 2998 34.

208 3019 327 3081 Clodius,
356 3036 385 3071 as
416 3023 438 3071 it
464 3023 621 3085 practically
648 3038 719 3074 com·
775 3025 820 3073 2⁷.
836 3038 917 3074 voce
948 3029 981 3074 et
1008 3025 1178 3074 sententia:
1210 3032 1260 3075 not

206 3097 323 3145 manded
345 3099 392 3146 the
419 3099 517 3148 forum.
742 3115 772 3150 as
789 3102 817 3150 in
835 3102 902 3163 §33,
921 3103 965 3152 34:
982 3103 1029 3151 the
1046 3116 1111 3152 voce
1129 3102 1212 3150 refers
1229 3106 1259 3151 to

238 3171 284 3220 15.
301 3172 378 3220 nihil
387 3174 718 3237 reliquimsgistratus:
743 3178 814 3227 their
838 3179 924 3228 words
956 3179 984 3227 in
1014 3180 1062 3229 the
1085 3180 1185 3239 contio,
1210 3179 1258 3227 the

207 3262 242 3298 sc.
263 3252 350 3309 erant,
366 3250 430 3299 ‘the
446 3256 499 3301 rest
511 3253 540 3301 oi
557 3254 603 3301 the
622 3255 719 3315 magis·
742 3256 878 3304 sententia
903 3259 933 3303 to
958 3255 1030 3304 their
1053 3260 1128 3304 votes
1156 3254 1185 3303 in
1210 3254 1258 3303 the

206 3329 289 3373 trates
301 3326 416 3375 counted
429 3327 471 3377 ior
483 3329 616 3392 nothing)
650 3330 718 3378 nihil
742 3337 842 3380 senate.

207 3401 229 3450 ts
249 3401 393 3464 predicate,
417 3406 598 3464 innutriretur
618 3407 640 3455 is
657 3406 718 3454 sub·
774 3405 818 3453 31.
835 3407 1074 3455 restitissemus:
1117 3406 1254 3469 princp.

206 3476 268 3536 J‘ect
303 3477 421 3538 reliqui:
439 3480 706 3542 exceptingwhomi
741 3483 838 3544 parts?
870 3482 937 3532 This
951 3483 1015 3532 verb
1029 3483 1114 3532 forms
1130 3483 1177 3532 the
1193 3496 1258 3544 apo·

237 3552 282 3610 1⁷,
299 3552 345 3601 18.
362 3552 550 3603 latrociniis:
567 3570 611 3605 see
633 3571 669 3606 on
693 3558 714 3605 Ι.
742 3558 813 3607 dosis
831 3564 859 3607 to
877 3560 924 3607 the
943 3559 1081 3608 condition
1097 3557 1208 3621 implied
1227 3559 1256 3607 in

205 3626 250 3676 31.
273 3629 296 3678 5.
332 3628 402 3686 duo,
426 3644 455 3679 as
477 3631 505 3679 in
529 3629 541 3688 i
564 3633 603 3681 32.
626 3632 648 3683 7.
684 3644 716 3680 re
741 3635 787 3682 the
810 3635 976 3684 co-ordinate
998 3636 1087 3686 clause
1113 3636 1160 3685 sed
1183 3669 1190 3684 .
1214 3669 1221 3683 .
1247 3669 1254 3684 .

204 3703 343 3765 publica:
361 3712 445 3755 trans,
463 3705 606 3769 careiullyi
741 3713 898 3761 moverunt:
925 3725 1034 3774 express
1065 3712 1121 3761 this
1151 3712 1180 3760 in
1209 3710 1257 3760 the

236 3779 251 3844 ξ
268 3780 307 3831 35.
326 3781 428 3830 21-25.
449 3793 533 3830 cum:
568 3785 657 3833 notice
682 3784 716 3833 its
740 3786 906 3836 conditional
923 3787 1001 3839 form.
