2678 4260
177 268 241 334 482
517 279 589 330 rao
612 279 642 328 Ρ.
667 274 795 328 snsrio
818 274 967 327 0111110.

198 452 376 518 stenebris
408 458 443 515 et
472 449 569 535 pulsa
600 449 673 513 loco
704 454 817 511 manet
840 454 953 511 tamen
977 454 1079 530 atque
1102 444 1223 512 haeret
1243 445 1280 510 in

229 558 336 642 patria
374 554 596 639 splendetque
634 575 694 637 per
731 573 802 616 sese
841 573 970 635 semper
1008 571 1117 635 neque
1156 551 1278 615 alienis

228 681 388 744 umquam
412 657 565 722 sordibus
589 655 776 721 obsolescit.
823 655 899 718 Non
923 655 973 717 illi
1005 653 1195 718 ornandum
1229 655 1278 718 M.

229 765 401 839 Catonem,
418 763 478 827 scd
494 760 720 848 relegandum,
738 781 799 823 nec
817 759 866 822 illi
890 757 1167 822 committendum
1190 758 1278 822 illud

229 869 411 955 negotium,
428 866 487 931 sed
503 864 731 949 inponendum
748 869 965 948 putaverunt,
983 863 1042 947 qui
1061 863 1097 925 in
1119 862 1278 927 contione

176 992 205 1038 10
227 974 336 1058 palam
367 971 515 1035 dixerint
546 970 697 1056 linguam
720 991 754 1032 se
780 967 935 1032 evellisse
960 967 1007 1029 M.
1032 966 1164 1043 Catoni,
1189 985 1277 1051 quae

228 1097 359 1161 semper
375 1082 491 1139 contra
507 1073 786 1139 extraordinarias
809 1078 992 1156 potestates
1016 1070 1120 1134 libera
1143 1069 1277 1135 fuisset.

229 1180 395 1255 Sentient‚
420 1186 459 1243 ut
487 1199 592 1262 spem,
617 1177 710 1242 brevi
742 1184 890 1260 tempore
922 1196 1054 1239 manere
1085 1172 1277 1240 libertatem

229 1285 320 1348 illam
345 1290 446 1367 atque
469 1282 531 1346 hoc
556 1281 666 1357 etiam,
684 1281 712 1344 si
735 1279 806 1344 fieri
829 1278 988 1364 potuerit,
1012 1300 1083 1344 esse
1108 1277 1277 1355 maiorem,

231 1387 324 1472 quod
355 1407 431 1450 cum
463 1385 658 1450 consulibus
690 1385 758 1448 illis
789 1383 837 1446 M.
866 1383 962 1460 Cato,
987 1383 1087 1448 etiam
1111 1404 1188 1447 cum
1211 1384 1278 1447 iam

180 1510 208 1555 rs
231 1491 439 1576 desperasset
454 1489 584 1574 aliquid
600 1489 799 1553 auctoritate
816 1510 877 1552 sua
899 1486 1015 1572 profici
1039 1508 1145 1571 posse,
1162 1499 1277 1552 tamen

229 1617 309 1660 voce
327 1596 399 1678 ipsa
415 1615 453 1658 10
469 1593 582 1658 (101011
606 1594 775 1679 pugnavit
798 1600 832 1656 et
856 1598 933 1676 post
955 1612 1067 1655 meum
1091 1590 1278 1656 discessum

228 1699 269 1763 iis
298 1699 453 1763 Pisonem
481 1697 592 1764 verbis
619 1696 702 1762 flens
729 1717 841 1760 meum
864 1704 899 1761 et
920 1697 968 1760 rei
992 1695 1145 1780 publicae
1162 1716 1278 1760 casum

229 1801 377 1877 vexavit,
394 1809 434 1865 ut
461 1803 558 1864 illum
583 1801 753 1865 hominem
777 1800 1042 1885 perditissimum
1064 1806 1167 1884 atque
1183 1801 1279 1886 inpu·

179 1903 216 1965 61
229 1905 461 1971 dentissimum
494 1927 598 1989 paene
630 1907 696 1968 iam
726 1904 916 1989 provinciae
948 1903 1144 1988 paeniteret.
1206 1903 1280 1968 Cur

179 2025 209 2070 ao
230 2011 336 2097 igitur
365 2011 530 2098 rogationi
561 2011 694 2094 paruit?
740 2009 845 2088 Quasi
862 2031 941 2073 vero
965 2008 1021 2073 ille
1045 2029 1113 2071 non
1136 2008 1172 2071 in
1195 2008 1278 2074 alias

229 2136 365 2199 quoque
388 2115 489 2200 leges,
515 2135 598 2198 quas
626 2115 749 2178 iniuste
778 2121 911 2198 rogatas
939 2120 1084 2198 putaret,
1109 2112 1176 2176 iam
1199 2121 1278 2179 ante

231 2217 367 2282 iurarit!
414 2218 490 2282 Non
507 2217 606 2283 offert
625 2240 659 2282 se
684 2218 739 2282 ille
763 2217 837 2280 istis
861 2216 1116 2292 temeritatibus,
1133 2223 1183 2292 ut,
1201 2238 1277 2281 cum

259 2433 286 2483 5.
300 2432 390 2496 pulsa
403 2433 489 2483 loeo:
503 2449 547 2484 see
559 2449 594 2484 on
606 2435 643 2484 ll.
658 2434 683 2482 1.
697 2435 735 2483 12.
764 2432 852 2481 flium
864 2469 869 2481 .
882 2470 905 2482 ..
920 2433 1102 2496 provinciae
1114 2469 1120 2481 .
1174 2433 1279 2496 paeni·

260 2510 360 2559 10-19.
378 2511 489 2571 lingu
499 2524 554 2559 am
585 2511 737 2567 evellisse,
764 2512 859 2556 teret:
871 2509 914 2557 101
921 2523 994 2558 cases
1002 2510 1035 2558 01.
1046 2510 1095 2570 Ep.
1105 2508 1140 2560 V.
1150 2509 1175 2556 2.
1188 2508 1212 2560 7.

229 2585 389 2636 ‘silenced:’
419 2601 463 2636 see
490 2601 526 2637 on
553 2587 571 2639 l.
597 2589 619 2636 l.
643 2587 735 2636 above.
797 2582 860 2640 161.
879 2585 980 2633 20-22.
999 2585 1076 2634 alias
1098 2584 1190 2645 leges,
1214 2599 1276 2648 eg„

228 2662 493 2711 extraordinarias
555 2664 738 2724 potestates,
766 2660 888 2710 Caesar’s
910 2661 962 2711 law
978 2661 1021 2710 ior
1037 2662 1085 2710 the
1101 2662 1278 2713 distribution

229 2736 347 2801 ‘powers
363 2744 412 2787 out
429 2739 458 2787 01
480 2739 528 2787 the
545 2739 623 2788 usual
641 2737 736 2799 order‚'
766 2738 794 2786 01
802 2737 864 2786 land
873 2737 1133 2800 amongPompeius’
1143 2744 1277 2799 veterane,

228 2812 317 2862 which
337 2811 405 2861 Cato
425 2811 478 2860 had
500 2811 598 2875 always
621 2811 738 2876 opposed
767 2815 794 2862 in
804 2815 903 2875 which,
918 2815 946 2864 in
957 2815 1093 2863 imitation
1109 2815 1139 2864 01
1156 2814 1279 2864 Saturni·

228 2901 258 2937 as
290 2888 543 2938 unconstitutional.
592 2889 643 2938 His
678 2903 738 2937 own
766 2905 816 2939 nus
825 2888 1046 2953 (110011137,11),
1056 2889 1278 2941 hehadinserted

228 2964 400 3013 commission
419 2979 472 3014 was
494 2965 609 3014 unusual
627 2966 739 3014 because
766 2966 884 3016 aclause
896 2967 1032 3029 requiring
1043 2966 1177 3016 members
1189 2968 1219 3016 01
1233 2969 1279 3018 the

230 3037 267 3102 (1)
288 3040 324 3088 he
344 3054 397 3089 was
416 3045 445 3088 at
465 3041 511 3089 the
531 3042 597 3089 time
614 3043 740 3103 privatus
767 3048 858 3092 senate
870 3043 976 3092 tobind
988 3043 1150 3094 themselves
1167 3043 1201 3106 by
1213 3045 1278 3095 oath

229 3116 282 3164 and
305 3116 358 3165 had
381 3116 444 3165 held
467 3131 503 3164 no
527 3116 623 3179 higher
651 3117 740 3167 offices
766 3126 795 3168 10
817 3119 927 3169 observa
944 3119 973 3169 it.
1008 3118 1079 3168 istis
1096 3120 1279 3169 temeritati·

228 3191 297 3240 than
307 3192 353 3241 the
362 3193 549 3254 quaestorship
559 3193 612 3242 and
623 3194 740 3243 tribune·
766 3195 833 3252 bus,
843 3196 935 3246 ‘those
945 3196 1060 3247 reclrless
1069 3195 1126 3248 acts
1135 3198 1165 3247 01
1177 3197 1276 3260 yours’

229 3265 740 3329 11111),(211111001111111101111110011-
766 3272 837 3333 istis,
855 3272 969 3322 because
986 3272 1032 3323 the
1049 3274 1184 3337 supposed
1202 3288 1280 3337 ques·

229 3342 317 3392 ferred
343 3345 512 3404 nominatim,
527 3342 564 3406 (3)
584 3345 605 3393 it
622 3359 740 3407 compre·
767 3347 825 3397 tion
845 3363 893 3398 cur
911 3385 917 3398 .
937 3385 943 3398 .
963 3384 970 3398 .
986 3351 1085 3410 paruit
1104 3351 1126 3399 is
1144 3355 1193 3413 put
1208 3350 1278 3399 from

229 3419 645 3484 11011111011101111100101111011,
660 3422 739 3469 inre·
767 3425 812 3472 the
841 3423 1004 3475 democratia
1032 3426 1210 3488 standpoint:
1241 3426 1276 3477 01.

229 3495 740 3559 [111111οΡ1011111111111111011οΒ1111-
766 3499 831 3549 Sall
851 3499 895 3548 62.
914 3502 941 3562 l;
963 3498 1064 3563 12.18;
1081 3502 1151 3552 Μυ1.
1170 3501 1216 3551 20.
1235 3502 1279 3563 15;

229 3571 299 3620 tium
323 3571 364 3634 (55
387 3574 426 3633 56,
450 3572 504 3635 57).
547 3574 692 3622 Pisonem
718 3574 740 3623 is
767 3575 1279 3638 1111101111111101100111101

230 3648 739 3711 0111101010110011,010111110111010.Ι
767 3653 804 3702 II.
828 3652 874 3701 10.
898 3655 936 3702 14.
972 3657 1008 3701 ut
1029 3689 1035 3700 .
1058 3689 1063 3700 .
1087 3690 1092 3701 .
1115 3655 1226 3717 privet,
1249 3655 1279 3704 in

230 3724 320 3774 notice
342 3727 388 3775 the
410 3728 523 3775 clriastic
541 3731 737 3788 arrangement.
766 3729 850 3779 direct
862 3731 1016 3793 opposition
1028 3736 1057 3780 to
1074 3730 1121 3780 the
1137 3745 1232 3783 course
1249 3732 1280 3784 01

226 3799 259 3854 is
281 3801 358 3853 flens
380 3807 409 3855 to
438 3803 469 3853 be
496 3803 579 3852 taken
603 3802 740 3865 literally?
766 3805 798 3866 Q.
812 3804 946 3871 Metellus,
961 3806 1025 3869 537.
1040 3806 1126 3860 14-17.
