2678 4260
117 182 126 207 0

163 230 228 298 512
513 245 586 295 rao
608 246 638 294 r.
664 245 790 296 snsrro
813 244 962 295 onnrro.

215 423 276 493 est,
304 415 397 501 quod
421 415 462 481 de
490 438 542 480 me
565 417 780 500 potissimum
804 424 844 480 tu
867 418 903 480 in
925 417 1137 482 accusatione
1164 439 1265 502 quae·

162 538 192 583 ac
213 521 296 597 sisti,
321 543 408 606 quae
434 527 523 586 esset
546 529 661 585 nostra
687 522 798 584 ‘natio
823 521 1077 605 optimatium:’
1101 522 1150 586 sic
1173 521 1265 586 enim

215 624 342 689 dixisti.
390 625 474 689 Rem
491 626 624 709 quaeris
640 626 845 709 praeclaram
870 626 1041 690 iuventuti
1066 625 1110 688 ad
1135 624 1265 689 discen·

215 727 296 791 dum
309 750 370 792 nec
386 728 468 789 mihi
481 727 652 792 difficilem
664 727 707 791 ad
717 727 967 812 perdocendum
981 752 988 803 3
1006 728 1048 792 de
1065 749 1133 812 qua
1144 749 1263 812 pauca,

214 831 353 908 iudices,
375 831 494 908 dicam,
521 839 564 908 et,
582 839 621 896 ut
645 831 796 909 arbitror,
813 855 875 897 uec
897 831 939 896 ab
962 833 1112 897 utilitate
1136 853 1264 909 eorum,

217 936 277 1021 qui
304 935 453 1011 audient,
481 957 542 1000 nec
570 936 612 1000 ab
639 935 748 1000 officio
776 944 888 1001 vestro
916 958 977 1000 nec
1002 935 1044 1000 ab
1066 937 1140 1021 ipsa
1163 957 1265 1002 causa

161 1053 190 1098 25
214 1039 252 1103 P.
270 1038 357 1104 Sesti
372 1039 563 1104 abhorrebit
578 1041 684 1104 oratic
697 1062 780 1104 mea.

260 1161 345 1207 xnv.
373 1143 452 1207 Duc
482 1166 605 1230 genera
635 1167 765 1229 semper
795 1146 830 1208 in
862 1145 924 1210 hac
955 1146 1092 1211 civitate
1123 1144 1266 1210 fuerunt

215 1270 339 1324 eorum,
353 1248 412 1332 qui
429 1250 553 1312 versari
570 1250 605 1311 in
622 1271 656 1313 re
673 1249 809 1333 publica
825 1257 928 1334 atque
944 1251 980 1312 in
996 1272 1035 1314 ea
1050 1271 1085 1314 se
1098 1250 1266 1314 excellen-

217 1353 285 1417 tius
301 1374 416 1437 gerere
441 1352 667 1427 studuerunt3
692 1353 815 1437 quibus
838 1376 880 1417 ex
904 1353 1083 1439 generibus
1107 1354 1205 1418 alteri
1227 1375 1264 1418 se

215 1457 402 1540 populares,
420 1456 516 1519 alteri
536 1463 727 1539 optumates
744 1465 779 1520 et
794 1457 907 1521 haberi
923 1465 958 1521 et
980 1479 1052 1521 esse
1068 1457 1263 1521 voluerunt.

176 1578 191 1622 s
215 1559 282 1639 Qui
306 1580 355 1633 ea,
379 1581 465 1644 quae
490 1558 659 1624 faciebant
677 1582 831 1645 quaeque
855 1561 1022 1637 dicebant,
1048 1559 1264 1625 multitudini

217 1663 366 1728 iucunda
397 1664 557 1729 volebant
587 1686 671 1739 esse,
699 1666 888 1749 populares,
920 1666 979 1749 qui
1010 1673 1125 1729 autent
1155 1665 1205 1728 ita
1227 1685 1265 1730 se

215 1767 384 1854 gerebant,
416 1775 455 1832 ut
485 1789 546 1832 sua
576 1769 716 1832 consilia
754 1777 893 1853 optumo
919 1770 1041 1853 cuique
1072 1768 1263 1853 probarent,

161 1870 201 1932 97
217 1879 406 1956 optumates
432 1871 650 1937 habebantur.
698 1872 783 1951 Quis
801 1895 880 1958 ergo
905 1874 970 1937 iste
999 1880 1158 1956 optumus
1175 1873 1266 1956 quis-

215 1975 307 2061 que?
354 1976 512 2052 Numero,
530 1977 558 2041 si
581 1978 724 2060 quaeris,
742 1977 1001 2041 innumerabiles
1020 1979 1149 2060 (neque
1173 1977 1264 2040 eninr

163 2093 191 2142 10
213 2081 311 2144 aliter
333 2086 422 2145 stare
438 2083 652 2165 possemus);
676 2088 757 2144 sunt
776 2082 944 2165 principes
970 2081 1101 2144 consilii
1125 2079 1262 2165 publici,

216 2191 307 2260 sunt,
330 2185 389 2269 qui
414 2206 530 2248 eorum
555 2192 681 2249 sectam
703 2193 906 2269 sequuntur,
933 2192 1013 2248 sunt
1040 2185 1264 2248 maximorum

216 2288 372 2353 ordinum
388 2289 549 2363 homines
567 2288 690 2373 quibus
707 2296 801 2373 patet
817 2291 920 2365 curia,
937 2296 1019 2353 sunt
1042 2289 1263 2374 municipales

213 2393 400 2478 rusticique
427 2393 579 2469 Romani,
604 2401 686 2457 sunt
712 2394 840 2479 negotii
865 2401 1031 2480 gerenteS,
1057 2400 1139 2458 sunt
1161 2393 1263 2458 etiam

213 2496 362 2562 libertini
388 2504 588 2582 optumates.
634 2497 814 2573 Numerus,
839 2505 878 2561 ut
902 2497 984 2573 dixi,
1010 2498 1111 2561 huius
1130 2498 1264 2583 generis

242 2778 343 2828 19-21.
360 2778 567 2842 potissimum,
575 2793 604 2827 as
617 2780 645 2827 in
658 2779 687 2840 ἐξ
697 2779 719 2828 3.
781 2781 794 2840 ἓ
810 2778 849 2831 97.
863 2779 944 2828 8-14.
972 2778 1040 2836 iste,
1054 2777 1147 2828 ‘those
1165 2793 1195 2828 as
1210 2793 1265 2842 you

210 2856 238 2918 53
255 2857 278 2904 2.
292 2856 332 2906 28.
366 2856 453 2905 natio
466 2855 516 2905 has
530 2860 724 2918 acontemptu·
749 2856 800 2905 eall
823 2855 926 2903 them:’
950 2855 996 2904 the
1018 2856 1142 2916 question
1165 2855 1195 2904 oi
1217 2855 1265 2905 the

210 2945 259 2980 ous
281 2931 366 2981 force:
391 2931 499 2993 ‘caste’
526 2929 602 2981 ‘set’
637 2944 724 2992 prae·
749 2939 889 2982 accusator
902 2931 963 2980 who
978 2932 1061 2993 keeps
1080 2932 1126 2981 the
1144 2932 1266 2996 singular

210 3006 327 3056 claram
339 3007 379 3056 ad
399 3007 600 3056 discendum:
618 3007 661 3056 for
676 3008 723 3058 the
750 3009 863 3058 number
884 3009 974 3059 where
996 3023 1036 3058 we
1058 3008 1145 3070 might
1167 3013 1266 3072 expect

210 3085 333 3146 gerund,
352 3086 431 3134 when
450 3085 497 3133 the
520 3085 616 3146 supine
636 3084 723 3146 might
748 3088 796 3136 isti
806 3088 901 3147 optimi
911 3100 920 3147 ;
933 3101 962 3135 so
970 3088 1050 3147 sciat,
1061 3086 1121 3147 §aa
1132 3085 1157 3146 5,
1168 3085 1189 3135 is
1199 3086 1266 3149 kept

210 3160 280 3210 have
303 3161 376 3210 been·
393 3159 531 3222 expected,
556 3174 600 3209 see
622 3159 657 3209 A.
676 3160 723 3210 303
749 3163 819 3213 after
834 3164 933 3224 quotus
951 3163 1076 3223 ortisque,
1090 3161 1144 3211 and
1164 3163 1196 3224 ia,
1211 3162 1262 3214 IV.

211 3237 301 3298 Rem.;
320 3237 352 3287 G.
371 3237 419 3289 437
437 3238 512 3286 Rem.
533 3238 556 3298 1,
582 3239 609 3298 23
627 3237 662 3286 H.
676 3238 723 3286 542
748 3239 794 3288 10.
815 3240 852 3297 16,
873 3239 894 3288 is
915 3245 963 3300 put
981 3239 1052 3287 aiter
1074 3253 1128 3288 noa
1149 3253 1264 3290 nemo:

211 3313 278 3375 111.;
293 3311 325 3364 B.
337 3313 386 3365 340
398 3316 414 3364 2
425 3330 451 3367 a.
751 3315 863 3365 notioni.
900 3314 1050 3370 ordinum,
1070 3329 1132 3376 eg„
1151 3315 1198 3364 the
1217 3317 1267 3364 tri-

751 3393 815 3441 buni
838 3392 941 3440 cerarii
958 3392 1011 3449 (see
1031 3404 1066 3439 on
1085 3390 1135 3441 IV.
1153 3390 1198 3438 15.
1210 3389 1264 3453 32),

242 3467 303 3515 2-7.
332 3478 366 3515 se
387 3478 454 3515 exc.
466 3478 577 3527 gerere,
592 3464 724 3515 ‘attaina
747 3468 890 3529 publicani
910 3466 964 3528 (see
985 3481 1020 3516 on
1040 3467 1089 3529 Ep.
1105 3467 1155 3517 IV.
1173 3467 1198 3514 7.
1207 3466 1264 3530 34),

210 3541 420 3606 highposition.’
451 3541 724 3599 multitudini,‘tho
750 3545 854 3594 scribac
869 3544 1054 3603 (soconMnr.
1069 3541 1178 3605 4213).
1214 3555 1264 3592 ne·

210 3618 310 3680 many!
342 3622 472 3681 optumo
485 3618 635 3679 cuique:
648 3617 723 3666 bonis
750 3619 826 3678 getii
844 3620 993 3678 gerentes,
1012 3617 1150 3666 ‘business
1169 3616 1261 3666 men:'

211 3695 349 3745 omnibns:
373 3696 416 3744 ior
441 3709 502 3745 case
527 3708 571 3744 see
596 3708 632 3743 on
656 3694 721 3744 Sull.
751 3695 792 3743 ior
816 3696 861 3743 the
884 3709 943 3754 gen.
973 3695 1005 3741 A.
1032 3695 1078 3741 218
1102 3694 1129 3754 b,·
1148 3693 1179 3742 G.
1205 3692 1262 3753 374,

210 3768 256 3821 ³1.
268 3772 307 3822 21.
751 3771 826 3819 Rern.
849 3771 873 3819 i:
895 3770 929 3817 H.
948 3770 996 3819 399
1013 3769 1066 3832 Hx,
1084 3765 1115 3818 B.
1128 3768 1179 3821 204
1192 3769 1205 3818 1
1219 3784 1244 3820 a.
