<?xml version="1.0" encoding="UTF-8"?>
<!DOCTYPE html PUBLIC "-//W3C//DTD XHTML 1.0 Transitional//EN"
    "http://www.w3.org/TR/xhtml1/DTD/xhtml1-transitional.dtd">
<html xmlns="http://www.w3.org/1999/xhtml" xml:lang="en" lang="en">
 <head>
  <title>
</title>
<meta http-equiv="Content-Type" content="text/html;charset=utf-8" />
  <meta name='ocr-system' content='tesseract 3.04.00' />
  <meta name='ocr-capabilities' content='ocr_page ocr_carea ocr_par ocr_line ocrx_word'/>
</head>
<body>
  <div class='ocr_page' id='page_1' title='image "./selectedoration00cicegoog_0551.png"; bbox 0 0 2678 4260; ppageno 0'>
   <div class='ocr_carea' id='block_1_1' title="bbox 175 243 1049 310">
    <p class='ocr_par' dir='ltr' id='par_1_1' title="bbox 175 243 1049 310">
     <span class='ocr_line' id='line_1_1' title="bbox 175 243 1049 310; baseline -0.006 0"><span class='ocrx_word' id='word_1_1' title='bbox 175 243 239 310; x_wconf 77' lang='lat'>578</span> <span class='ocrx_word' id='word_1_2' title='bbox 436 253 509 306; x_wconf 79' lang='lat' dir='ltr'>rao</span> <span class='ocrx_word' id='word_1_3' title='bbox 532 255 563 305; x_wconf 80' lang='grc' dir='ltr'>Τ.</span> <span class='ocrx_word' id='word_1_4' title='bbox 587 253 710 306; x_wconf 68' lang='lat' dir='ltr'>irruo</span> <span class='ocrx_word' id='word_1_5' title='bbox 732 253 877 305; x_wconf 78' lang='lat' dir='ltr'>umora</span> <span class='ocrx_word' id='word_1_6' title='bbox 900 251 1049 305; x_wconf 68' lang='lat' dir='ltr'>onemo.</span> 
     </span>
    </p>
   </div>
   <div class='ocr_carea' id='block_1_2' title="bbox 176 425 1276 1760">
    <p class='ocr_par' dir='ltr' id='par_1_2' title="bbox 228 425 1276 616">
     <span class='ocr_line' id='line_1_2' title="bbox 228 425 1275 511; baseline -0.005 -16"><span class='ocrx_word' id='word_1_7' title='bbox 228 437 365 495; x_wconf 92' lang='lat' dir='ltr'>teneret.</span> <span class='ocrx_word' id='word_1_8' title='bbox 407 426 517 507; x_wconf 83' lang='lat' dir='ltr'>Quem</span> <span class='ocrx_word' id='word_1_9' title='bbox 528 428 557 492; x_wconf 90' lang='lat' dir='ltr'>si</span> <span class='ocrx_word' id='word_1_10' title='bbox 573 426 759 491; x_wconf 86' lang='lat' dir='ltr'>interficere</span> <span class='ocrx_word' id='word_1_11' title='bbox 773 426 945 502; x_wconf 87' lang='lat' dir='ltr'>voluisset,</span> <span class='ocrx_word' id='word_1_12' title='bbox 960 432 1105 510; x_wconf 88' lang='lat' dir='ltr'>quantae</span> <span class='ocrx_word' id='word_1_13' title='bbox 1118 425 1275 511; x_wconf 89' lang='lat' dir='ltr'>quotiens</span> 
     </span>
     <span class='ocr_line' id='line_1_3' title="bbox 229 528 1276 616; baseline -0.007 -17"><span class='ocrx_word' id='word_1_14' title='bbox 229 534 428 608; x_wconf 87' lang='lat' dir='ltr'>occasiones,</span> <span class='ocrx_word' id='word_1_15' title='bbox 456 553 557 616; x_wconf 88' lang='lat' dir='ltr'>quam</span> <span class='ocrx_word' id='word_1_16' title='bbox 581 531 768 615; x_wconf 86' lang='lat' dir='ltr'>praeclarae</span> <span class='ocrx_word' id='word_1_17' title='bbox 794 528 953 594; x_wconf 76' lang='lat' dir='ltr'>fuerunt!</span> <span class='ocrx_word' id='word_1_18' title='bbox 1001 529 1174 607; x_wconf 76' lang='lat' dir='ltr'>Potuitne,</span> <span class='ocrx_word' id='word_1_19' title='bbox 1201 551 1276 594; x_wconf 92' lang='lat' dir='ltr'>cum</span> 
     </span>
    </p>

    <p class='ocr_par' dir='ltr' id='par_1_3' title="bbox 176 633 1275 1760">
     <span class='ocr_line' id='line_1_4' title="bbox 204 633 1275 720; baseline 0 -22"><span class='ocrx_word' id='word_1_20' title='bbox 204 691 206 698; x_wconf 82' lang='grc'>,</span> <span class='ocrx_word' id='word_1_21' title='bbox 229 638 365 702; x_wconf 89' lang='lat' dir='ltr'>domum</span> <span class='ocrx_word' id='word_1_22' title='bbox 377 658 414 701; x_wconf 94' lang='lat' dir='ltr'>ac</span> <span class='ocrx_word' id='word_1_23' title='bbox 428 637 506 700; x_wconf 90' lang='lat' dir='ltr'>deos</span> <span class='ocrx_word' id='word_1_24' title='bbox 519 642 657 720; x_wconf 90' lang='lat' dir='ltr'>penates</span> <span class='ocrx_word' id='word_1_25' title='bbox 669 655 747 698; x_wconf 90' lang='lat' dir='ltr'>suos</span> <span class='ocrx_word' id='word_1_26' title='bbox 760 634 820 696; x_wconf 89' lang='lat' dir='ltr'>illo</span> <span class='ocrx_word' id='word_1_27' title='bbox 837 641 1053 720; x_wconf 86' lang='lat' dir='ltr'>oppugnante</span> <span class='ocrx_word' id='word_1_28' title='bbox 1069 633 1275 709; x_wconf 82' lang='lat' dir='ltr'>defenderet,</span> 
     </span>
     <span class='ocr_line' id='line_1_5' title="bbox 176 737 1274 824; baseline -0.001 -20"><span class='ocrx_word' id='word_1_29' title='bbox 176 758 206 804; x_wconf 80' lang='lat' dir='ltr'>ao</span> <span class='ocrx_word' id='word_1_30' title='bbox 227 743 298 806; x_wconf 89' lang='lat' dir='ltr'>iure</span> <span class='ocrx_word' id='word_1_31' title='bbox 314 763 349 806; x_wconf 91' lang='lat' dir='ltr'>se</span> <span class='ocrx_word' id='word_1_32' title='bbox 366 741 493 816; x_wconf 87' lang='lat' dir='ltr'>ulcisci,</span> <span class='ocrx_word' id='word_1_33' title='bbox 510 740 664 824; x_wconf 74' lang='lat' dir='ltr'>potuitne</span> <span class='ocrx_word' id='word_1_34' title='bbox 689 739 755 803; x_wconf 89' lang='lat' dir='ltr'>civi</span> <span class='ocrx_word' id='word_1_35' title='bbox 779 740 913 824; x_wconf 90' lang='lat' dir='ltr'>egregio</span> <span class='ocrx_word' id='word_1_36' title='bbox 937 747 972 802; x_wconf 91' lang='lat' dir='ltr'>et</span> <span class='ocrx_word' id='word_1_37' title='bbox 988 739 1059 802; x_wconf 89' lang='lat' dir='ltr'>viro</span> <span class='ocrx_word' id='word_1_38' title='bbox 1081 737 1274 815; x_wconf 87' lang='lat' dir='ltr'>fortissimo,</span> 
     </span>
     <span class='ocr_line' id='line_1_6' title="bbox 232 833 1274 930; baseline -0.003 -21"><span class='ocrx_word' id='word_1_39' title='bbox 232 846 271 909; x_wconf 93' lang='lat' dir='ltr'>P.</span> <span class='ocrx_word' id='word_1_40' title='bbox 288 844 407 921; x_wconf 86' lang='lat' dir='ltr'>Sestio,</span> <span class='ocrx_word' id='word_1_41' title='bbox 425 845 555 930; x_wconf 84' lang='lat' dir='ltr'>collega</span> <span class='ocrx_word' id='word_1_42' title='bbox 580 864 651 919; x_wconf 90' lang='lat' dir='ltr'>suo,</span> <span class='ocrx_word' id='word_1_43' title='bbox 669 843 855 917; x_wconf 88' lang='lat' dir='ltr'>vulnerato,</span> <span class='ocrx_word' id='word_1_44' title='bbox 873 833 1028 926; x_wconf 83' lang='lat' dir='ltr'>potuitne</span> <span class='ocrx_word' id='word_1_45' title='bbox 1050 839 1092 920; x_wconf 82' lang='lat' dir='ltr'>Q.</span> <span class='ocrx_word' id='word_1_46' title='bbox 1112 833 1274 918; x_wconf 70' lang='lat' dir='ltr'>Fabricio</span> 
     </span>
     <span class='ocr_line' id='line_1_7' title="bbox 229 945 1274 1034; baseline -0.006 -18"><span class='ocrx_word' id='word_1_47' title='bbox 229 951 302 1016; x_wconf 86' lang='lat' dir='ltr'>viro</span> <span class='ocrx_word' id='word_1_48' title='bbox 326 950 461 1034; x_wconf 90' lang='lat' dir='ltr'>optimo,</span> <span class='ocrx_word' id='word_1_49' title='bbox 486 971 563 1013; x_wconf 89' lang='lat' dir='ltr'>cum</span> <span class='ocrx_word' id='word_1_50' title='bbox 588 946 629 1012; x_wconf 92' lang='lat' dir='ltr'>de</span> <span class='ocrx_word' id='word_1_51' title='bbox 658 947 770 1011; x_wconf 91' lang='lat' dir='ltr'>reditu</span> <span class='ocrx_word' id='word_1_52' title='bbox 802 968 875 1010; x_wconf 92' lang='lat' dir='ltr'>meo</span> <span class='ocrx_word' id='word_1_53' title='bbox 898 947 1008 1032; x_wconf 89' lang='lat' dir='ltr'>legem</span> <span class='ocrx_word' id='word_1_54' title='bbox 1031 945 1144 1023; x_wconf 85' lang='lat' dir='ltr'>ferret,</span> <span class='ocrx_word' id='word_1_55' title='bbox 1169 947 1274 1032; x_wconf 89' lang='lat' dir='ltr'>pulso,</span> 
     </span>
     <span class='ocr_line' id='line_1_8' title="bbox 230 1049 1274 1135; baseline -0.007 -16"><span class='ocrx_word' id='word_1_56' title='bbox 230 1054 458 1119; x_wconf 89' lang='lat' dir='ltr'>crudelissima</span> <span class='ocrx_word' id='word_1_57' title='bbox 485 1054 520 1116; x_wconf 92' lang='lat' dir='ltr'>in</span> <span class='ocrx_word' id='word_1_58' title='bbox 544 1051 617 1116; x_wconf 84' lang='lat' dir='ltr'>foro</span> <span class='ocrx_word' id='word_1_59' title='bbox 641 1050 741 1116; x_wconf 89' lang='lat' dir='ltr'>caede</span> <span class='ocrx_word' id='word_1_60' title='bbox 765 1049 865 1126; x_wconf 82' lang='lat' dir='ltr'>facta,</span> <span class='ocrx_word' id='word_1_61' title='bbox 891 1052 1045 1135; x_wconf 82' lang='lat' dir='ltr'>potuitne</span> <span class='ocrx_word' id='word_1_62' title='bbox 1072 1049 1110 1112; x_wconf 89' lang='lat' dir='ltr'>L.</span> <span class='ocrx_word' id='word_1_63' title='bbox 1140 1050 1274 1126; x_wconf 83' lang='lat' dir='ltr'>Caecili,</span> 
     </span>
     <span class='ocr_line' id='line_1_9' title="bbox 229 1154 1274 1240; baseline -0.005 -18"><span class='ocrx_word' id='word_1_64' title='bbox 229 1158 404 1222; x_wconf 87' lang='lat' dir='ltr'>iustissimi</span> <span class='ocrx_word' id='word_1_65' title='bbox 443 1157 684 1240; x_wconf 78' lang='lat' dir='ltr'>fortissimique</span> <span class='ocrx_word' id='word_1_66' title='bbox 724 1155 894 1239; x_wconf 87' lang='lat' dir='ltr'>praetoris,</span> <span class='ocrx_word' id='word_1_67' title='bbox 935 1161 1129 1239; x_wconf 81' lang='lat' dir='ltr'>oppugnata</span> <span class='ocrx_word' id='word_1_68' title='bbox 1168 1154 1274 1231; x_wconf 86' lang='lat' dir='ltr'>dome,</span> 
     </span>
     <span class='ocr_line' id='line_1_10' title="bbox 177 1257 1274 1346; baseline 0.001 -25"><span class='ocrx_word' id='word_1_69' title='bbox 177 1275 206 1321; x_wconf 78' lang='lat'>35</span> <span class='ocrx_word' id='word_1_70' title='bbox 228 1263 382 1346; x_wconf 91' lang='lat' dir='ltr'>potuitne</span> <span class='ocrx_word' id='word_1_71' title='bbox 409 1261 469 1324; x_wconf 89' lang='lat' dir='ltr'>illo</span> <span class='ocrx_word' id='word_1_72' title='bbox 496 1260 561 1336; x_wconf 89' lang='lat' dir='ltr'>die,</span> <span class='ocrx_word' id='word_1_73' title='bbox 578 1281 654 1324; x_wconf 91' lang='lat' dir='ltr'>cum</span> <span class='ocrx_word' id='word_1_74' title='bbox 682 1266 734 1323; x_wconf 90' lang='lat' dir='ltr'>est</span> <span class='ocrx_word' id='word_1_75' title='bbox 756 1259 824 1322; x_wconf 85' lang='lat' dir='ltr'>lata</span> <span class='ocrx_word' id='word_1_76' title='bbox 848 1259 903 1322; x_wconf 86' lang='lat' dir='ltr'>lex</span> <span class='ocrx_word' id='word_1_77' title='bbox 927 1257 967 1322; x_wconf 89' lang='lat' dir='ltr'>de</span> <span class='ocrx_word' id='word_1_78' title='bbox 991 1280 1053 1333; x_wconf 86' lang='lat' dir='ltr'>me,</span> <span class='ocrx_word' id='word_1_79' title='bbox 1070 1279 1149 1322; x_wconf 88' lang='lat' dir='ltr'>cum</span> <span class='ocrx_word' id='word_1_80' title='bbox 1173 1260 1274 1322; x_wconf 90' lang='lat' dir='ltr'>totius</span> 
     </span>
     <span class='ocr_line' id='line_1_11' title="bbox 233 1361 1274 1448; baseline -0.005 -19"><span class='ocrx_word' id='word_1_81' title='bbox 233 1366 351 1429; x_wconf 86' lang='lat' dir='ltr'>Italiae</span> <span class='ocrx_word' id='word_1_82' title='bbox 386 1386 577 1439; x_wconf 88' lang='lat' dir='ltr'>concursus,</span> <span class='ocrx_word' id='word_1_83' title='bbox 606 1385 708 1448; x_wconf 88' lang='lat' dir='ltr'>quem</span> <span class='ocrx_word' id='word_1_84' title='bbox 742 1383 815 1425; x_wconf 89' lang='lat' dir='ltr'>mea</span> <span class='ocrx_word' id='word_1_85' title='bbox 849 1363 939 1426; x_wconf 91' lang='lat' dir='ltr'>salus</span> <span class='ocrx_word' id='word_1_86' title='bbox 970 1362 1165 1437; x_wconf 87' lang='lat' dir='ltr'>concitarat,</span> <span class='ocrx_word' id='word_1_87' title='bbox 1198 1361 1274 1426; x_wconf 83' lang='lat' dir='ltr'>facti</span> 
     </span>
     <span class='ocr_line' id='line_1_12' title="bbox 226 1465 1275 1554; baseline -0.002 -23"><span class='ocrx_word' id='word_1_88' title='bbox 226 1469 320 1532; x_wconf 88' lang='lat' dir='ltr'>illius</span> <span class='ocrx_word' id='word_1_89' title='bbox 351 1469 492 1554; x_wconf 83' lang='lat' dir='ltr'>gloriam</span> <span class='ocrx_word' id='word_1_90' title='bbox 514 1467 634 1531; x_wconf 89' lang='lat' dir='ltr'>lubens</span> <span class='ocrx_word' id='word_1_91' title='bbox 665 1467 868 1553; x_wconf 86' lang='lat' dir='ltr'>agnovisset,</span> <span class='ocrx_word' id='word_1_92' title='bbox 902 1474 950 1541; x_wconf 91' lang='lat' dir='ltr'>ut,</span> <span class='ocrx_word' id='word_1_93' title='bbox 975 1466 1107 1529; x_wconf 86' lang='lat' dir='ltr'>etiarnsi</span> <span class='ocrx_word' id='word_1_94' title='bbox 1130 1465 1167 1529; x_wconf 90' lang='lat' dir='ltr'>id</span> <span class='ocrx_word' id='word_1_95' title='bbox 1195 1466 1275 1530; x_wconf 93' lang='lat' dir='ltr'>Milo</span> 
     </span>
     <span class='ocr_line' id='line_1_13' title="bbox 230 1569 1275 1654; baseline -0.003 -19"><span class='ocrx_word' id='word_1_96' title='bbox 230 1571 374 1648; x_wconf 85' lang='lat' dir='ltr'>fecisset,</span> <span class='ocrx_word' id='word_1_97' title='bbox 391 1581 512 1636; x_wconf 86' lang='lat' dir='ltr'>cuncta</span> <span class='ocrx_word' id='word_1_98' title='bbox 535 1572 654 1636; x_wconf 88' lang='lat' dir='ltr'>civitas</span> <span class='ocrx_word' id='word_1_99' title='bbox 671 1592 743 1634; x_wconf 90' lang='lat' dir='ltr'>eam</span> <span class='ocrx_word' id='word_1_100' title='bbox 758 1570 893 1634; x_wconf 89' lang='lat' dir='ltr'>laudem</span> <span class='ocrx_word' id='word_1_101' title='bbox 908 1592 968 1654; x_wconf 93' lang='lat' dir='ltr'>pro</span> <span class='ocrx_word' id='word_1_102' title='bbox 991 1591 1052 1633; x_wconf 91' lang='lat' dir='ltr'>sua</span> <span class='ocrx_word' id='word_1_103' title='bbox 1068 1569 1275 1634; x_wconf 81' lang='lat' dir='ltr'>vindicaret?</span> 
     </span>
     <span class='ocr_line' id='line_1_14' title="bbox 178 1673 1274 1760; baseline -0.005 -17"><span class='ocrx_word' id='word_1_104' title='bbox 178 1679 218 1743; x_wconf 78' lang='lat'>39</span> <span class='ocrx_word' id='word_1_105' title='bbox 232 1693 294 1741; x_wconf 80' lang='lat' dir='ltr'>XV.</span> <span class='ocrx_word' id='word_1_106' title='bbox 340 1676 391 1740; x_wconf 90' lang='lat' dir='ltr'>At</span> <span class='ocrx_word' id='word_1_107' title='bbox 407 1675 498 1760; x_wconf 89' lang='lat' dir='ltr'>quod</span> <span class='ocrx_word' id='word_1_108' title='bbox 513 1683 584 1740; x_wconf 91' lang='lat' dir='ltr'>erat</span> <span class='ocrx_word' id='word_1_109' title='bbox 599 1674 756 1759; x_wconf 87' lang='lat' dir='ltr'>tempus?</span> <span class='ocrx_word' id='word_1_110' title='bbox 796 1674 1009 1738; x_wconf 86' lang='lat' dir='ltr'>Clarissimus</span> <span class='ocrx_word' id='word_1_111' title='bbox 1024 1681 1059 1737; x_wconf 92' lang='lat' dir='ltr'>et</span> <span class='ocrx_word' id='word_1_112' title='bbox 1074 1673 1274 1738; x_wconf 83' lang='lat' dir='ltr'>fortissimus</span> 
     </span>
    </p>
   </div>
   <div class='ocr_carea' id='block_1_3' title="bbox 231 1777 1277 1974">
    <p class='ocr_par' dir='ltr' id='par_1_4' title="bbox 231 1777 1277 1974">
     <span class='ocr_line' id='line_1_15' title="bbox 231 1777 1274 1854; baseline -0.002 -10"><span class='ocrx_word' id='word_1_113' title='bbox 231 1781 348 1845; x_wconf 92' lang='lat' dir='ltr'>consul</span> <span class='ocrx_word' id='word_1_114' title='bbox 365 1781 520 1844; x_wconf 89' lang='lat' dir='ltr'>inimicus</span> <span class='ocrx_word' id='word_1_115' title='bbox 534 1779 663 1854; x_wconf 83' lang='lat' dir='ltr'>Clodio,</span> <span class='ocrx_word' id='word_1_116' title='bbox 679 1779 716 1841; x_wconf 90' lang='lat' dir='ltr'>P.</span> <span class='ocrx_word' id='word_1_117' title='bbox 731 1777 908 1854; x_wconf 69' lang='lat' dir='ltr'>Lentulus</span> <span class='ocrx_word' id='word_1_118' title='bbox 922 1779 1013 1843; x_wconf 92' lang='lat' dir='ltr'>ultor</span> <span class='ocrx_word' id='word_1_119' title='bbox 1028 1779 1163 1842; x_wconf 88' lang='lat' dir='ltr'>sceleris</span> <span class='ocrx_word' id='word_1_120' title='bbox 1176 1779 1274 1853; x_wconf 85' lang='lat' dir='ltr'>illius,</span> 
     </span>
     <span class='ocr_line' id='line_1_16' title="bbox 231 1877 1277 1974; baseline -0.001 -32"><span class='ocrx_word' id='word_1_121' title='bbox 231 1887 458 1966; x_wconf 88' lang='lat' dir='ltr'>propugnator</span> <span class='ocrx_word' id='word_1_122' title='bbox 474 1887 628 1974; x_wconf 77' lang='lat' dir='ltr'>senatus,</span> <span class='ocrx_word' id='word_1_123' title='bbox 640 1877 796 1942; x_wconf 86' lang='lat' dir='ltr'>defensor</span> <span class='ocrx_word' id='word_1_124' title='bbox 812 1886 943 1942; x_wconf 90' lang='lat' dir='ltr'>vestrae</span> <span class='ocrx_word' id='word_1_125' title='bbox 962 1878 1158 1953; x_wconf 89' lang='lat' dir='ltr'>voluntatis,</span> <span class='ocrx_word' id='word_1_126' title='bbox 1173 1886 1277 1962; x_wconf 84' lang='lat' dir='ltr'>patro</span> 
     </span>
    </p>
   </div>
   <div class='ocr_carea' id='block_1_4' title="bbox 193 1983 1277 2173">
    <p class='ocr_par' dir='ltr' id='par_1_5' title="bbox 193 1983 1277 2173">
     <span class='ocr_line' id='line_1_17' title="bbox 231 1983 1276 2068; baseline -0.002 -22"><span class='ocrx_word' id='word_1_127' title='bbox 231 2004 295 2048; x_wconf 90' lang='lat' dir='ltr'>nus</span> <span class='ocrx_word' id='word_1_128' title='bbox 327 1983 453 2068; x_wconf 89' lang='lat' dir='ltr'>publici</span> <span class='ocrx_word' id='word_1_129' title='bbox 480 2004 673 2060; x_wconf 85' lang='lat' dir='ltr'>consensus,</span> <span class='ocrx_word' id='word_1_130' title='bbox 692 1983 865 2047; x_wconf 89' lang='lat' dir='ltr'>restitutor</span> <span class='ocrx_word' id='word_1_131' title='bbox 887 1983 1006 2045; x_wconf 86' lang='lat' dir='ltr'>salutis</span> <span class='ocrx_word' id='word_1_132' title='bbox 1031 2002 1133 2058; x_wconf 85' lang='lat' dir='ltr'>meae,</span> <span class='ocrx_word' id='word_1_133' title='bbox 1150 1990 1276 2066; x_wconf 86' lang='lat' dir='ltr'>septem</span> 
     </span>
     <span class='ocr_line' id='line_1_18' title="bbox 193 2085 1277 2173; baseline 0.001 -25"><span class='ocrx_word' id='word_1_134' title='bbox 193 2104 208 2148; x_wconf 84' lang='lat'>5</span> <span class='ocrx_word' id='word_1_135' title='bbox 230 2097 409 2173; x_wconf 89' lang='lat' dir='ltr'>praetores,</span> <span class='ocrx_word' id='word_1_136' title='bbox 443 2097 518 2152; x_wconf 89' lang='lat' dir='ltr'>octo</span> <span class='ocrx_word' id='word_1_137' title='bbox 551 2088 677 2151; x_wconf 90' lang='lat' dir='ltr'>tribuni</span> <span class='ocrx_word' id='word_1_138' title='bbox 701 2086 810 2171; x_wconf 89' lang='lat' dir='ltr'>plebei</span> <span class='ocrx_word' id='word_1_139' title='bbox 834 2087 925 2150; x_wconf 89' lang='lat' dir='ltr'>illius</span> <span class='ocrx_word' id='word_1_140' title='bbox 950 2085 1141 2161; x_wconf 86' lang='lat' dir='ltr'>adversarii,</span> <span class='ocrx_word' id='word_1_141' title='bbox 1167 2086 1277 2151; x_wconf 88' lang='lat' dir='ltr'>deien-</span> 
     </span>
    </p>
   </div>
   <div class='ocr_carea' id='block_1_5' title="bbox 181 2181 1276 2696">
    <p class='ocr_par' dir='ltr' id='par_1_6' title="bbox 181 2181 1276 2696">
     <span class='ocr_line' id='line_1_19' title="bbox 232 2181 1274 2278; baseline -0.002 -20"><span class='ocrx_word' id='word_1_142' title='bbox 232 2217 321 2258; x_wconf 89' lang='lat' dir='ltr'>sores</span> <span class='ocrx_word' id='word_1_143' title='bbox 352 2196 427 2271; x_wconf 90' lang='lat' dir='ltr'>mei,</span> <span class='ocrx_word' id='word_1_144' title='bbox 453 2194 514 2258; x_wconf 91' lang='lat' dir='ltr'>Cn.</span> <span class='ocrx_word' id='word_1_145' title='bbox 540 2195 719 2278; x_wconf 90' lang='lat' dir='ltr'>Pompeius</span> <span class='ocrx_word' id='word_1_146' title='bbox 750 2201 867 2257; x_wconf 90' lang='lat' dir='ltr'>auctor</span> <span class='ocrx_word' id='word_1_147' title='bbox 890 2200 925 2256; x_wconf 89' lang='lat' dir='ltr'>ct</span> <span class='ocrx_word' id='word_1_148' title='bbox 954 2192 1025 2256; x_wconf 86' lang='lat' dir='ltr'>dux</span> <span class='ocrx_word' id='word_1_149' title='bbox 1049 2194 1114 2256; x_wconf 89' lang='lat' dir='ltr'>mei</span> <span class='ocrx_word' id='word_1_150' title='bbox 1137 2181 1274 2267; x_wconf 87' lang='lat' dir='ltr'>reditus,</span> 
     </span>
     <span class='ocr_line' id='line_1_20' title="bbox 234 2295 1274 2374; baseline -0.001 -12"><span class='ocrx_word' id='word_1_151' title='bbox 234 2300 326 2362; x_wconf 90' lang='lat' dir='ltr'>illius</span> <span class='ocrx_word' id='word_1_152' title='bbox 342 2299 458 2374; x_wconf 71' lang='lat' dir='ltr'>hostis</span> <span class='ocrx_word' id='word_1_153' title='bbox 476 2299 571 2363; x_wconf 88' lang='lat' dir='ltr'>cuius</span> <span class='ocrx_word' id='word_1_154' title='bbox 587 2298 789 2363; x_wconf 87' lang='lat' dir='ltr'>sententiam</span> <span class='ocrx_word' id='word_1_155' title='bbox 810 2305 946 2361; x_wconf 90' lang='lat' dir='ltr'>senatus</span> <span class='ocrx_word' id='word_1_156' title='bbox 971 2298 1078 2361; x_wconf 87' lang='lat' dir='ltr'>omnis</span> <span class='ocrx_word' id='word_1_157' title='bbox 1102 2295 1143 2361; x_wconf 92' lang='lat' dir='ltr'>de</span> <span class='ocrx_word' id='word_1_158' title='bbox 1168 2297 1274 2361; x_wconf 87' lang='lat' dir='ltr'>salute</span> 
     </span>
     <span class='ocr_line' id='line_1_21' title="bbox 235 2401 1275 2488; baseline -0.003 -22"><span class='ocrx_word' id='word_1_159' title='bbox 235 2425 308 2468; x_wconf 89' lang='lat' dir='ltr'>mea</span> <span class='ocrx_word' id='word_1_160' title='bbox 345 2405 575 2488; x_wconf 88' lang='lat' dir='ltr'>gravissimam</span> <span class='ocrx_word' id='word_1_161' title='bbox 612 2410 647 2467; x_wconf 89' lang='lat' dir='ltr'>et</span> <span class='ocrx_word' id='word_1_162' title='bbox 685 2402 926 2465; x_wconf 89' lang='lat' dir='ltr'>ornatissimam</span> <span class='ocrx_word' id='word_1_163' title='bbox 963 2409 1100 2467; x_wconf 87' lang='lat' dir='ltr'>secutus</span> <span class='ocrx_word' id='word_1_164' title='bbox 1133 2408 1196 2479; x_wconf 87' lang='lat' dir='ltr'>est,</span> <span class='ocrx_word' id='word_1_165' title='bbox 1220 2401 1275 2486; x_wconf 90' lang='lat' dir='ltr'>qni</span> 
     </span>
     <span class='ocr_line' id='line_1_22' title="bbox 233 2505 1274 2593; baseline -0.003 -22"><span class='ocrx_word' id='word_1_166' title='bbox 233 2508 396 2593; x_wconf 91' lang='lat' dir='ltr'>populum</span> <span class='ocrx_word' id='word_1_167' title='bbox 426 2508 613 2572; x_wconf 88' lang='lat' dir='ltr'>Romanum</span> <span class='ocrx_word' id='word_1_168' title='bbox 646 2514 698 2571; x_wconf 90' lang='lat' dir='ltr'>est</span> <span class='ocrx_word' id='word_1_169' title='bbox 727 2505 930 2581; x_wconf 86' lang='lat' dir='ltr'>cohortatus,</span> <span class='ocrx_word' id='word_1_170' title='bbox 955 2506 1014 2590; x_wconf 90' lang='lat' dir='ltr'>qui</span> <span class='ocrx_word' id='word_1_171' title='bbox 1045 2526 1124 2568; x_wconf 91' lang='lat' dir='ltr'>cum</span> <span class='ocrx_word' id='word_1_172' title='bbox 1153 2505 1196 2570; x_wconf 92' lang='lat' dir='ltr'>de</span> <span class='ocrx_word' id='word_1_173' title='bbox 1227 2526 1274 2568; x_wconf 92' lang='lat' dir='ltr'>me</span> 
     </span>
     <span class='ocr_line' id='line_1_23' title="bbox 181 2607 1276 2696; baseline -0.005 -20"><span class='ocrx_word' id='word_1_174' title='bbox 181 2630 210 2677; x_wconf 68' lang='grc' dir='ltr'>ιο</span> <span class='ocrx_word' id='word_1_175' title='bbox 232 2610 403 2677; x_wconf 87' lang='lat' dir='ltr'>decretum</span> <span class='ocrx_word' id='word_1_176' title='bbox 435 2607 569 2696; x_wconf 87' lang='lat' dir='ltr'>Capuae</span> <span class='ocrx_word' id='word_1_177' title='bbox 599 2610 691 2686; x_wconf 87' lang='lat' dir='ltr'>iecit,</span> <span class='ocrx_word' id='word_1_178' title='bbox 715 2610 786 2695; x_wconf 90' lang='lat' dir='ltr'>ipse</span> <span class='ocrx_word' id='word_1_179' title='bbox 813 2616 954 2674; x_wconf 90' lang='lat' dir='ltr'>cunctae</span> <span class='ocrx_word' id='word_1_180' title='bbox 985 2609 1103 2673; x_wconf 88' lang='lat' dir='ltr'>Italiae</span> <span class='ocrx_word' id='word_1_181' title='bbox 1128 2609 1276 2694; x_wconf 89' lang='lat' dir='ltr'>cupienti</span> 
     </span>
    </p>
   </div>
   <div class='ocr_carea' id='block_1_6' title="bbox 231 2854 1277 3835">
    <p class='ocr_par' dir='ltr' id='par_1_7' title="bbox 231 2854 1276 3229">
     <span class='ocr_line' id='line_1_24' title="bbox 264 2854 1276 2917; baseline 0.001 -13"><span class='ocrx_word' id='word_1_182' title='bbox 264 2856 308 2912; x_wconf 90' lang='lat'>28,</span> <span class='ocrx_word' id='word_1_183' title='bbox 327 2855 373 2904; x_wconf 84' lang='lat'>29.</span> <span class='ocrx_word' id='word_1_184' title='bbox 391 2856 542 2917; x_wconf 84' lang='lat' dir='ltr'>potuitne,</span> <span class='ocrx_word' id='word_1_185' title='bbox 578 2855 674 2905; x_wconf 87' lang='lat' dir='ltr'>‘could</span> <span class='ocrx_word' id='word_1_186' title='bbox 708 2856 743 2903; x_wconf 88' lang='lat' dir='ltr'>ire</span> <span class='ocrx_word' id='word_1_187' title='bbox 766 2854 1155 2905; x_wconf 69' lang='lat' dir='ltr'>iortlrefactseesest.7228.</span> <span class='ocrx_word' id='word_1_188' title='bbox 1180 2855 1276 2905; x_wconf 82' lang='lat' dir='ltr'>vindi-</span> 
     </span>
     <span class='ocr_line' id='line_1_25' title="bbox 231 2932 1273 2983; baseline -0.001 -2"><span class='ocrx_word' id='word_1_189' title='bbox 231 2938 280 2983; x_wconf 91' lang='lat' dir='ltr'>not</span> <span class='ocrx_word' id='word_1_190' title='bbox 302 2933 398 2981; x_wconf 88' lang='lat' dir='ltr'>have:’</span> <span class='ocrx_word' id='word_1_191' title='bbox 426 2934 469 2982; x_wconf 86' lang='lat' dir='ltr'>ior</span> <span class='ocrx_word' id='word_1_192' title='bbox 487 2948 531 2982; x_wconf 85' lang='lat' dir='ltr'>-ne</span> <span class='ocrx_word' id='word_1_193' title='bbox 552 2957 576 2981; x_wconf 89' lang='lat'><strong><em>=</em></strong></span> <span class='ocrx_word' id='word_1_194' title='bbox 596 2948 683 2982; x_wconf 84' lang='lat' dir='ltr'>nonne</span> <span class='ocrx_word' id='word_1_195' title='bbox 706 2933 741 2982; x_wconf 84' lang='lat' dir='ltr'>cf.</span> <span class='ocrx_word' id='word_1_196' title='bbox 766 2932 1273 2983; x_wconf 79' lang='lat' dir='ltr'>caret:fortenseseeonSest.8³.39.</span> 
     </span>
     <span class='ocr_line' id='line_1_26' title="bbox 232 3007 1105 3071; baseline -0.002 -14"><span class='ocrx_word' id='word_1_197' title='bbox 232 3009 281 3071; x_wconf 84' lang='lat' dir='ltr'>Ep.</span> <span class='ocrx_word' id='word_1_198' title='bbox 304 3007 415 3058; x_wconf 79' lang='lat' dir='ltr'>111.1a.</span> <span class='ocrx_word' id='word_1_199' title='bbox 435 3010 493 3070; x_wconf 89' lang='lat'>190;</span> <span class='ocrx_word' id='word_1_200' title='bbox 510 3008 574 3058; x_wconf 84' lang='lat' dir='ltr'>Sull.</span> <span class='ocrx_word' id='word_1_201' title='bbox 594 3009 639 3056; x_wconf 79' lang='lat'>35.</span> <span class='ocrx_word' id='word_1_202' title='bbox 661 3009 741 3069; x_wconf 70' lang='lat'><strong>1431.</strong></span> <span class='ocrx_word' id='word_1_203' title='bbox 1101 3064 1105 3071; x_wconf 23' lang='lat'><strong><em>³</em></strong></span> 
     </span>
     <span class='ocr_line' id='line_1_27' title="bbox 232 3084 1275 3148; baseline 0.006 -16"><span class='ocrx_word' id='word_1_204' title='bbox 232 3085 256 3132; x_wconf 84' lang='lat'>7.</span> <span class='ocrx_word' id='word_1_205' title='bbox 271 3087 294 3134; x_wconf 86' lang='lat'>8.</span> <span class='ocrx_word' id='word_1_206' title='bbox 331 3084 503 3134; x_wconf 84' lang='lat' dir='ltr'>domum..</span> <span class='ocrx_word' id='word_1_207' title='bbox 522 3121 527 3132; x_wconf 94' lang='lat'><strong>.</strong></span> <span class='ocrx_word' id='word_1_208' title='bbox 546 3084 743 3134; x_wconf 82' lang='lat' dir='ltr'>defenderet:</span> <span class='ocrx_word' id='word_1_209' title='bbox 799 3087 863 3148; x_wconf 85' lang='lat'><strong>§39.</strong></span> <span class='ocrx_word' id='word_1_210' title='bbox 894 3088 955 3135; x_wconf 86' lang='grc'><strong>2-7.</strong></span> <span class='ocrx_word' id='word_1_211' title='bbox 989 3088 1124 3146; x_wconf 74' lang='lat' dir='ltr'>sceleris,</span> <span class='ocrx_word' id='word_1_212' title='bbox 1161 3089 1275 3141; x_wconf 85' lang='lat' dir='ltr'>Cicero’s</span> 
     </span>
     <span class='ocr_line' id='line_1_28' title="bbox 232 3161 1274 3229; baseline 0.003 -19"><span class='ocrx_word' id='word_1_213' title='bbox 232 3162 288 3210; x_wconf 86' lang='lat' dir='ltr'>this</span> <span class='ocrx_word' id='word_1_214' title='bbox 299 3161 400 3210; x_wconf 81' lang='lat' dir='ltr'>assault</span> <span class='ocrx_word' id='word_1_215' title='bbox 412 3162 538 3210; x_wconf 87' lang='lat' dir='ltr'>occurred</span> <span class='ocrx_word' id='word_1_216' title='bbox 551 3161 620 3211; x_wconf 90' lang='lat' dir='ltr'>Nov.</span> <span class='ocrx_word' id='word_1_217' title='bbox 635 3163 673 3222; x_wconf 82' lang='lat'>12,</span> <span class='ocrx_word' id='word_1_218' title='bbox 687 3161 725 3213; x_wconf 78' lang='lat'>57.</span> <span class='ocrx_word' id='word_1_219' title='bbox 767 3165 950 3213; x_wconf 88' lang='lat' dir='ltr'>banishment.</span> <span class='ocrx_word' id='word_1_220' title='bbox 984 3164 1075 3222; x_wconf 80' lang='lat' dir='ltr'>illius,</span> <span class='ocrx_word' id='word_1_221' title='bbox 1088 3179 1169 3215; x_wconf 82' lang='lat' dir='ltr'>maso.</span> <span class='ocrx_word' id='word_1_222' title='bbox 1184 3167 1274 3229; x_wconf 70' lang='lat' dir='ltr'>genu:</span> 
     </span>
    </p>

    <p class='ocr_par' dir='ltr' id='par_1_8' title="bbox 232 3236 1277 3835">
     <span class='ocr_line' id='line_1_29' title="bbox 264 3236 1274 3302; baseline 0.008 -18"><span class='ocrx_word' id='word_1_223' title='bbox 264 3236 366 3286; x_wconf 80' lang='grc'><strong>31-38.</strong></span> <span class='ocrx_word' id='word_1_224' title='bbox 385 3237 492 3286; x_wconf 79' lang='lat' dir='ltr'>Sestio</span> <span class='ocrx_word' id='word_1_225' title='bbox 505 3274 510 3285; x_wconf 87' lang='lat'><strong>.</strong></span> <span class='ocrx_word' id='word_1_226' title='bbox 523 3274 547 3285; x_wconf 92' lang='lat'>..</span> <span class='ocrx_word' id='word_1_227' title='bbox 564 3238 743 3286; x_wconf 84' lang='lat' dir='ltr'>vulnerato:</span> <span class='ocrx_word' id='word_1_228' title='bbox 766 3240 810 3288; x_wconf 84' lang='lat' dir='ltr'>ior</span> <span class='ocrx_word' id='word_1_229' title='bbox 827 3241 861 3290; x_wconf 88' lang='lat' dir='ltr'>its</span> <span class='ocrx_word' id='word_1_230' title='bbox 880 3242 996 3302; x_wconf 87' lang='lat' dir='ltr'>position</span> <span class='ocrx_word' id='word_1_231' title='bbox 1009 3256 1052 3290; x_wconf 90' lang='lat' dir='ltr'>see</span> <span class='ocrx_word' id='word_1_232' title='bbox 1064 3256 1100 3290; x_wconf 92' lang='lat' dir='ltr'>on</span> <span class='ocrx_word' id='word_1_233' title='bbox 1112 3242 1179 3292; x_wconf 90' lang='lat' dir='ltr'>Suli.</span> <span class='ocrx_word' id='word_1_234' title='bbox 1197 3244 1222 3291; x_wconf 86' lang='lat'>2.</span> <span class='ocrx_word' id='word_1_235' title='bbox 1237 3243 1274 3292; x_wconf 83' lang='lat'>20.</span> 
     </span>
     <span class='ocr_line' id='line_1_30' title="bbox 233 3313 1276 3379; baseline 0.007 -19"><span class='ocrx_word' id='word_1_236' title='bbox 233 3314 275 3362; x_wconf 88' lang='lat' dir='ltr'>for</span> <span class='ocrx_word' id='word_1_237' title='bbox 287 3314 333 3362; x_wconf 87' lang='lat' dir='ltr'>tire</span> <span class='ocrx_word' id='word_1_238' title='bbox 345 3314 400 3362; x_wconf 86' lang='lat' dir='ltr'>fact</span> <span class='ocrx_word' id='word_1_239' title='bbox 412 3328 455 3362; x_wconf 88' lang='lat' dir='ltr'>see</span> <span class='ocrx_word' id='word_1_240' title='bbox 467 3314 534 3364; x_wconf 83' lang='lat' dir='ltr'>Sest.</span> <span class='ocrx_word' id='word_1_241' title='bbox 547 3315 609 3375; x_wconf 68' lang='lat'>579.</span> <span class='ocrx_word' id='word_1_242' title='bbox 639 3313 744 3361; x_wconf 77' lang='lat' dir='ltr'>Fabri·</span> <span class='ocrx_word' id='word_1_243' title='bbox 766 3319 888 3378; x_wconf 81' lang='lat' dir='ltr'>septem</span> <span class='ocrx_word' id='word_1_244' title='bbox 905 3320 1072 3379; x_wconf 79' lang='lat' dir='ltr'>praetores,</span> <span class='ocrx_word' id='word_1_245' title='bbox 1090 3320 1165 3366; x_wconf 84' lang='lat' dir='ltr'>octo</span> <span class='ocrx_word' id='word_1_246' title='bbox 1183 3318 1276 3367; x_wconf 86' lang='lat' dir='ltr'>tribu·</span> 
     </span>
     <span class='ocr_line' id='line_1_31' title="bbox 233 3390 1277 3451; baseline 0.008 -14"><span class='ocrx_word' id='word_1_247' title='bbox 233 3390 442 3451; x_wconf 79' lang='lat' dir='ltr'>cio...pulso:</span> <span class='ocrx_word' id='word_1_248' title='bbox 454 3392 497 3439; x_wconf 85' lang='lat' dir='ltr'>for</span> <span class='ocrx_word' id='word_1_249' title='bbox 506 3392 552 3439; x_wconf 91' lang='lat' dir='ltr'>the</span> <span class='ocrx_word' id='word_1_250' title='bbox 560 3391 616 3440; x_wconf 80' lang='lat' dir='ltr'>fact</span> <span class='ocrx_word' id='word_1_251' title='bbox 623 3405 666 3439; x_wconf 91' lang='lat' dir='ltr'>see</span> <span class='ocrx_word' id='word_1_252' title='bbox 674 3390 741 3440; x_wconf 85' lang='lat' dir='ltr'>Sest.</span> <span class='ocrx_word' id='word_1_253' title='bbox 767 3392 811 3441; x_wconf 89' lang='lat' dir='ltr'>ni:</span> <span class='ocrx_word' id='word_1_254' title='bbox 829 3394 873 3442; x_wconf 84' lang='lat' dir='ltr'>ior</span> <span class='ocrx_word' id='word_1_255' title='bbox 890 3395 935 3442; x_wconf 86' lang='lat' dir='ltr'>the</span> <span class='ocrx_word' id='word_1_256' title='bbox 952 3395 1009 3443; x_wconf 85' lang='lat' dir='ltr'>fact</span> <span class='ocrx_word' id='word_1_257' title='bbox 1026 3409 1069 3443; x_wconf 86' lang='lat' dir='ltr'>see</span> <span class='ocrx_word' id='word_1_258' title='bbox 1086 3394 1215 3444; x_wconf 65' lang='lat' dir='ltr'>Seston</span> <span class='ocrx_word' id='word_1_259' title='bbox 1232 3395 1277 3446; x_wconf 74' lang='lat' dir='ltr'>ai-</span> 
     </span>
     <span class='ocr_line' id='line_1_32' title="bbox 232 3465 1275 3528; baseline 0.003 -12"><span class='ocrx_word' id='word_1_260' title='bbox 232 3466 312 3526; x_wconf 71' lang='lat' dir='ltr'>§tto</span> <span class='ocrx_word' id='word_1_261' title='bbox 332 3465 363 3514; x_wconf 73' lang='lat'>1..</span> <span class='ocrx_word' id='word_1_262' title='bbox 372 3465 488 3515; x_wconf 78' lang='lat' dir='ltr'>Caecili</span> <span class='ocrx_word' id='word_1_263' title='bbox 497 3467 708 3528; x_wconf 81' lang='lat' dir='ltr'>(Rufi),airiend</span> <span class='ocrx_word' id='word_1_264' title='bbox 716 3468 746 3517; x_wconf 86' lang='lat' dir='ltr'>oi</span> <span class='ocrx_word' id='word_1_265' title='bbox 766 3470 805 3519; x_wconf 86' lang='lat'>30.</span> <span class='ocrx_word' id='word_1_266' title='bbox 842 3470 931 3518; x_wconf 80' lang='lat' dir='ltr'>cuius</span> <span class='ocrx_word' id='word_1_267' title='bbox 951 3471 1154 3520; x_wconf 82' lang='lat' dir='ltr'>sententiam:</span> <span class='ocrx_word' id='word_1_268' title='bbox 1172 3472 1216 3522; x_wconf 86' lang='lat' dir='ltr'>ior</span> <span class='ocrx_word' id='word_1_269' title='bbox 1232 3472 1275 3520; x_wconf 87' lang='lat' dir='ltr'>the</span> 
     </span>
     <span class='ocr_line' id='line_1_33' title="bbox 233 3542 1100 3607; baseline 0.007 -16"><span class='ocrx_word' id='word_1_270' title='bbox 233 3542 333 3600; x_wconf 83' lang='lat' dir='ltr'>Cicero,</span> <span class='ocrx_word' id='word_1_271' title='bbox 341 3545 496 3593; x_wconf 85' lang='lat' dir='ltr'>mentioned</span> <span class='ocrx_word' id='word_1_272' title='bbox 505 3544 586 3602; x_wconf 84' lang='lat' dir='ltr'>Sulla,</span> <span class='ocrx_word' id='word_1_273' title='bbox 594 3543 745 3607; x_wconf 84' lang='lat' dir='ltr'>62.3‚prae-</span> <span class='ocrx_word' id='word_1_274' title='bbox 767 3547 823 3596; x_wconf 82' lang='lat' dir='ltr'>fact</span> <span class='ocrx_word' id='word_1_275' title='bbox 835 3562 877 3595; x_wconf 88' lang='lat' dir='ltr'>see</span> <span class='ocrx_word' id='word_1_276' title='bbox 889 3547 956 3597; x_wconf 87' lang='lat' dir='ltr'>Sest.</span> <span class='ocrx_word' id='word_1_277' title='bbox 971 3546 1036 3595; x_wconf 82' lang='lat'><strong>129.</strong></span> <span class='ocrx_word' id='word_1_278' title='bbox 1047 3549 1100 3597; x_wconf 87' lang='lat'><strong>1-9.</strong></span> 
     </span>
     <span class='ocr_line' id='line_1_34' title="bbox 232 3620 1276 3683; baseline 0.005 -16"><span class='ocrx_word' id='word_1_279' title='bbox 232 3620 313 3667; x_wconf 85' lang='lat' dir='ltr'>torin</span> <span class='ocrx_word' id='word_1_280' title='bbox 330 3620 506 3683; x_wconf 79' lang='lat' dir='ltr'>57:nothing</span> <span class='ocrx_word' id='word_1_281' title='bbox 521 3635 594 3669; x_wconf 90' lang='lat' dir='ltr'>more</span> <span class='ocrx_word' id='word_1_282' title='bbox 611 3622 632 3670; x_wconf 88' lang='lat' dir='ltr'>is</span> <span class='ocrx_word' id='word_1_283' title='bbox 644 3621 744 3669; x_wconf 88' lang='lat' dir='ltr'>known</span> <span class='ocrx_word' id='word_1_284' title='bbox 799 3623 844 3672; x_wconf 90' lang='grc'>10.</span> <span class='ocrx_word' id='word_1_285' title='bbox 868 3623 1075 3672; x_wconf 85' lang='lat' dir='ltr'>decretum</span> <span class='ocrx_word' id='word_1_286' title='bbox 1110 3625 1276 3683; x_wconf 75' lang='lat' dir='ltr'>...iecit</span> 
     </span>
     <span class='ocr_line' id='line_1_35' title="bbox 232 3695 1276 3762; baseline 0.004 -19"><span class='ocrx_word' id='word_1_287' title='bbox 232 3695 261 3744; x_wconf 86' lang='lat' dir='ltr'>oi</span> <span class='ocrx_word' id='word_1_288' title='bbox 271 3695 327 3744; x_wconf 87' lang='lat' dir='ltr'>this</span> <span class='ocrx_word' id='word_1_289' title='bbox 335 3697 427 3745; x_wconf 75' lang='lat' dir='ltr'>attacl(</span> <span class='ocrx_word' id='word_1_290' title='bbox 437 3711 509 3759; x_wconf 91' lang='lat' dir='ltr'>upon</span> <span class='ocrx_word' id='word_1_291' title='bbox 519 3698 561 3747; x_wconf 86' lang='lat' dir='ltr'>iris</span> <span class='ocrx_word' id='word_1_292' title='bbox 573 3698 664 3746; x_wconf 90' lang='lat' dir='ltr'>house.</span> <span class='ocrx_word' id='word_1_293' title='bbox 689 3697 744 3745; x_wconf 91' lang='lat' dir='ltr'>illo</span> <span class='ocrx_word' id='word_1_294' title='bbox 767 3700 912 3762; x_wconf 88' lang='lat' dir='ltr'>Pompeius</span> <span class='ocrx_word' id='word_1_295' title='bbox 926 3714 980 3749; x_wconf 84' lang='lat' dir='ltr'>was</span> <span class='ocrx_word' id='word_1_296' title='bbox 997 3714 1048 3748; x_wconf 93' lang='lat' dir='ltr'>one</span> <span class='ocrx_word' id='word_1_297' title='bbox 1060 3701 1089 3749; x_wconf 88' lang='lat' dir='ltr'>oi</span> <span class='ocrx_word' id='word_1_298' title='bbox 1108 3700 1155 3749; x_wconf 89' lang='lat' dir='ltr'>the</span> <span class='ocrx_word' id='word_1_299' title='bbox 1173 3701 1276 3750; x_wconf 81' lang='lat' dir='ltr'>duovirl</span> 
     </span>
     <span class='ocr_line' id='line_1_36' title="bbox 232 3770 1273 3835; baseline 0.006 -14"><span class='ocrx_word' id='word_1_300' title='bbox 232 3770 297 3822; x_wconf 82' lang='lat' dir='ltr'>die:</span> <span class='ocrx_word' id='word_1_301' title='bbox 314 3773 398 3823; x_wconf 76' lang='lat' dir='ltr'>date?</span> <span class='ocrx_word' id='word_1_302' title='bbox 431 3773 540 3825; x_wconf 83' lang='lat' dir='ltr'>Italiae</span> <span class='ocrx_word' id='word_1_303' title='bbox 558 3786 744 3830; x_wconf 61' lang='lat' dir='ltr'>concursus}</span> <span class='ocrx_word' id='word_1_304' title='bbox 767 3775 796 3834; x_wconf 79' lang='lat' dir='ltr'>of</span> <span class='ocrx_word' id='word_1_305' title='bbox 814 3774 907 3835; x_wconf 80' lang='lat' dir='ltr'>Capua</span> <span class='ocrx_word' id='word_1_306' title='bbox 926 3773 980 3833; x_wconf 79' lang='lat' dir='ltr'>(see</span> <span class='ocrx_word' id='word_1_307' title='bbox 999 3790 1034 3826; x_wconf 93' lang='lat' dir='ltr'>on</span> <span class='ocrx_word' id='word_1_308' title='bbox 1053 3775 1273 3828; x_wconf 81' lang='lat' dir='ltr'>Sest.9.13-ltl.</span> 
     </span>
    </p>
   </div>
   <div class='ocr_carea' id='block_1_7' title="bbox 0 0 1344 4260">
    <p class='ocr_par' dir='ltr' id='par_1_9' title="bbox 0 0 1344 4260">
     <span class='ocr_line' id='line_1_37' title="bbox 0 0 1344 4260; baseline 0 0"><span class='ocrx_word' id='word_1_309' title='bbox 0 0 1344 4260; x_wconf 95' lang='lat' dir='ltr'> </span> 
     </span>
    </p>
   </div>
  </div>
 </body>
</html>
