2678 4260
405 273 485 326 cnr.
510 274 598 335 aaa,
622 275 636 339 s
660 274 777 326 rastas.
1106 265 1170 345 ‚545

69 446 279 512 nobilitatem
318 446 460 531 potestis
499 446 669 530 consequi,
708 452 743 511 et
772 467 845 510 eam
876 448 1049 526 rationem,
1080 451 1116 515 in

68 574 136 636 qua
152 552 251 615 multi
265 551 416 616 homines
433 550 512 615 novi
528 550 702 615 ethonore
726 557 761 614 et
788 551 895 636 gloria
918 551 1168 632 floruerunt,·15

68 655 276 720 cohortabor.
324 655 417 720 Haec
439 661 573 718 estune
597 655 661 730 via,
687 654 766 716 mihi
792 653 927 730 credite,
945 663 980 720 et
1002 658 1112 724 laudis
1130 656 1188 720 137

67 763 108 823 et'
127 759 304 846 dignitatis
333 767 367 824 et
393 759 537 834 honoria
566 779 585 820 a
612 757 707 822 bonis
736 758 817 822 viris
848 760 1057 844 sapientibus
1081 771 1116 828 et

67 863 151 928 bene
190 871 311 928 natura
342 863 536 928 constitutis
568 861 700 926 laudari
731 873 765 926 et
795 861 903 948 diligi,
936 885 1032 930 nosse
1068 866 1116 930 di·

66 969 285 1053 scriptionem
301 968 448 1033 civitatis
475 987 494 1029 a
519 965 699 1030 maioribus
723 967 845 1030 nostris
869 968 1114 1052 sapientissime

67 1073 297 1148 constitutam,
315 1072 468 1156 quicum
485 1087 604 1155 regum
628 1078 830 1153 potestatem
854 1091 921 1133 non
945 1072 1114 1151 tulissent,
1138 1091 1168 1136 ao

66 1178 115 1241 ita
138 1178 355 1263 magistratus
378 1196 506 1238 annuos
531 1181 738 1248 creaverunt,
762 1182 801 1238 ut
824 1175 1001 1239 consilium
1023 1199 1115 1242 sena·

65 1290 122 1346 tus
139 1280 351 1366 reipublicae
364 1286 608 1363 praeponerent
623 1279 873 1362 sempiternum,
887 1278 1115 1366 deligerentur

65 1393 181 1449 autem
204 1385 240 1448 in
262 1383 298 1447 id
321 1383 498 1447 consilium
523 1382 566 1446 ab
597 1382 755 1446 universo
784 1383 909 1467 populo
932 1382 1113 1470 aditusque

65 1490 100 1551 in
126 1488 223 1552 illum
246 1508 415 1552 summum
437 1485 588 1550 ordinem
606 1486 755 1549 omnium
779 1487 904 1550 civium
928 1486 1112 1556 industriae

65 1615 103 1657 ac
132 1592 253 1656 virtuti
283 1597 423 1676 pateret.
471 1588 633 1653 Senatum
664 1590 712 1653 rei
742 1589 895 1673 publicae
927 1592 1112 1670 custodem,
1136 1610 1166 1656 25

64 1695 260 1782 praesidem,
274 1702 556 1780 propugnatorem
567 1692 846 1769 conlocaverunt3
871 1694 971 1760 huius
985 1696 1109 1762 ordinis

64 1800 266 1865 auctoritate
280 1800 331 1862 uti
344 1798 559 1883 magistratus
575 1806 610 1861 et
626 1798 723 1882 quasi
736 1797 905 1862 ministros
921 1800 1111 1884 gravissimi

63 1903 197 1969 consilii
224 1924 296 1968 esse
325 1901 525 1975 voluerunt3
550 1911 703 1964 senatum
730 1907 842 1965 autem
868 1901 980 1986 ipsum
1003 1905 1112 1988 proxi·
1183 1933 1185 1936 ·

64 2029 195 2072 morum
217 2005 374 2070 ordinum
403 2003 615 2089 splendorem
643 2004 846 2079 confirmare,
875 2005 981 2090 plebis
1011 2007 1108 2072 liber-

63 2120 169 2178 tatem
208 2119 243 2176 et
281 2108 454 2175 commoda
492 2108 580 2172 tueri
618 2115 719 2192 atque
758 2129 879 2194 augere
918 2110 1109 2176 voluerunt.
1134 2129 1163 2174 30

63 2233 165 2279 nxvr.
191 2214 283 2279 Haec
309 2215 368 2299 qui
392 2235 451 2299 pro
470 2214 560 2278 virili
584 2220 677 2297 parte
703 2211 902 2289 defendunt,
919 2220 1109 2298 optumates
1126 2214 1183 2278 138

62 2327 154 2396 sunt,
179 2320 422 2403 cuiuscumque
447 2325 528 2381 sunt
549 2316 693 2391 ordinis3
719 2317 778 2401 qui
799 2323 913 2380 autem
929 2318 1107 2402 praecipue

62 2426 133 2490 suis
157 2423 342 2489 cervicibus
359 2431 453 2487 tanta
470 2424 585 2485 munia
608 2428 710 2505 atque
738 2442 808 2484 rem
827 2420 996 2505 publicam
1011 2424 1110 2489 susti-

62 2539 154 2607 nent,
163 2530 336 2613 hisemper
345 2527 770 2611 habitisuntoptumatium
781 2526 947 2610 principes
957 2534 1109 2594 auctores
1181 2532 1183 2537 ’

63 2642 99 2699 et
109 2642 359 2698 conservatores
370 2633 527 2720 civitatis.
576 2629 667 2694 Huic
679 2629 853 2693 hominurn
863 2631 979 2716 generi
990 2630 1108 2709 fateor,
1131 2649 1147 2695 5

94 2814 140 2871 14.
158 2814 204 2862 15.
238 2814 436 2863 nobilitatem
469 2826 577 2862 conse·
597 2830 622 2876 p.
645 2815 713 2876 73,§
734 2815 774 2875 94,
794 2816 855 2864 that
874 2817 921 2865 the
941 2821 1034 2866 senate
1054 2831 1110 2867 was

61 2891 134 2953 quir
153 2905 197 2940 see
216 2905 242 2953 p.
265 2891 305 2952 57,
324 2891 337 2949 i
355 2892 394 2940 23.
437 2890 576 2938 hommes
597 2891 738 2952 indirectly
757 2890 858 2941 elected
879 2893 914 2954 by
932 2893 980 2942 the
1003 2892 1106 2954 people.

60 2968 152 3016 novi:
170 2982 251 3030 saep.
266 2969 307 3029 56,
321 2970 334 3030 5
348 2969 385 3017 16.
595 2967 809 3029 proximorum
834 2969 1032 3017 ordinum:
1061 2969 1108 3019 the

93 3045 174 3102 6137.
195 3043 297 3092 17-29.
315 3043 510 3106 sapientibus
544 3046 576 3092 et
596 3047 700 3106 equites
712 3045 765 3093 and
778 3045 880 3095 tribuni
892 3048 1004 3096 cerarii.
1036 3045 1109 3109 Why

60 3120 142 3169 bene
165 3123 278 3168 natura
300 3121 499 3189 constitutis:
533 3121 640 3170 forare
678 3122 743 3183 they
776 3121 913 3184 expressly
950 3121 1107 3174 mentioned

61 3197 146 3259 figure
158 3197 193 3245 of.
207 3197 220 3254 i
232 3197 270 3246 43.
282 3198 321 3246 22.
346 3209 453 3246 nosse:
471 3197 572 3259 princp.
595 3197 680 3246 bere?

60 3273 159 3335 parts?
203 3272 441 3335 discriptionem
466 3273 575 3322 civita-

60 3349 111 3405 tis,
130 3348 333 3410 ‘arrangement
355 3350 385 3398 of
411 3350 458 3398 the
485 3348 573 3398 state)
626 3350 706 3408 5138.
725 3350 787 3398 1-5.
811 3363 882 3413 pro
903 3350 988 3399 virili
1009 3353 1105 3412 parte,

60 3423 152 3470 ita..
170 3457 175 3470 .
193 3425 243 3470 ut:
262 3423 296 3472 cf.
311 3423 377 3473 Sull.
399 3422 443 3471 73.
463 3424 505 3484 ]9;
522 3423 573 3474 IV.
596 3423 763 3492 ‘'manfully)
799 3426 985 3483 cervicibus,
1000 3426 1106 3477 ‘shoul-

61 3497 108 3545 15.
131 3500 170 3547 22.
207 3499 372 3548 consilium
389 3503 524 3558 senatus,
544 3499 576 3549 ‘a
594 3501 681 3551 dersz’
705 3502 749 3551 ior
764 3504 812 3552 the
829 3503 902 3552 word
919 3518 962 3553 see
979 3517 1015 3552 on
1032 3503 1103 3554 Mur.

61 3574 177 3634 counoil,
192 3576 253 3635 via,
266 3576 314 3624 tlre
331 3577 450 3626 senatez’
470 3578 514 3625 for
528 3578 575 3625 the
594 3578 639 3626 79.
662 3580 700 3627 21.
736 3579 846 3640 generi,
863 3579 953 3628 dative
977 3578 1015 3640 (1)
1037 3579 1104 3628 with

61 3651 366 3714 gen.ef.§§90.1;63.
387 3654 428 3713 16;
447 3655 485 3702 18.
504 3654 532 3714 6;
549 3655 572 3702 6.
594 3654 640 3702 the
657 3653 711 3715 adj.
735 3655 859 3711 invidos:
882 3653 916 3702 cl.
938 3653 989 3704 IV.
1013 3654 1058 3702 11.
1076 3656 1104 3715 23

63 3727 102 3776 10.
138 3726 178 3775 ab
190 3728 337 3777 universo
349 3729 481 3791 populo:
500 3731 575 3779 show
595 3729 632 3792 (2)
646 3730 675 3778 ol
687 3730 801 3780 indirect
812 3730 902 3792 obieci
911 3730 977 3780 with
985 3733 1104 3792 proponi

61 3804 134 3856 from
153 3818 178 3868 p.
198 3805 238 3866 56,
257 3806 271 3869 ς
290 3806 328 3867 14,
347 3820 373 3869 p.
387 3805 427 3866 67,
441 3806 453 3866 §
466 3806 506 3868 23,
520 3806 574 3857 and
593 3806 647 3859 and
669 3805 786 3871 interra·
815 3806 853 3873 (3)
876 3806 905 3860 ct
933 3812 1015 3872 agent
1036 3806 1104 3861 wlth
