2678 4260
174 245 237 314 310
517 256 587 310 eno
608 257 638 310 r.
664 254 786 312 scam
809 251 959 309 orario

173 452 201 497 10
224 437 372 500 tissimus
395 436 532 521 patriae,
551 434 684 497 maximi
714 434 825 508 animi,
850 434 971 497 summi
995 434 1135 510 consilii,
1159 434 1272 522 singu-

226 541 303 603 laris
327 541 544 613 constantiae,
558 559 634 602 cum
650 525 738 602 esset¹
752 559 859 623 aeger,
875 547 984 601 tamen
1002 537 1155 602 omnibus
1171 537 1270 603 rebus

225 646 291 708 illis
314 643 480 719 interfuit,
497 664 664 726 nusquam
680 649 732 705 est
746 663 765 704 a
781 664 832 705 me
857 641 1038 727 digressus,
1055 641 1179 719 studio,
1196 664 1273 707 con·

225 750 310 824 silio,
328 749 526 812 auctoritate
545 768 633 810 unus
649 745 781 810 adiuvit
796 746 988 830 plurimum,
1006 767 1082 809 oum
1101 746 1272 811 infirmita·

172 856 211 921 35
225 864 292 918 tem
322 853 468 937 corporis
502 853 629 916 virtute
662 851 765 914 animi
802 860 985 934 superaret.
1044 849 1203 926 Videsne,
1231 859 1271 914 ut

174 974 201 1017 15
224 959 361 1041 eripiam
379 966 411 1021 te
428 979 469 1020 ex
489 954 714 1039 improborum
737 954 849 1018 subita
871 955 979 1040 gratia
1002 962 1037 1018 et
1059 955 1270 1019 reconciliem

226 1061 320 1125 bonis
344 1060 524 1124 omnibus?
547 1060 608 1143 qui
631 1066 664 1123 te
688 1067 722 1123 et
745 1058 893 1144 diligunt
916 1066 951 1123 et
978 1060 1125 1123 retinent
1154 1059 1272 1123 retine

226 1165 379 1250 buntque
396 1186 529 1248 semper
552 1185 622 1239 nec,
639 1163 667 1227 si
685 1161 771 1226 forte
788 1184 807 1225 a
823 1184 874 1226 me
891 1162 1079 1237 desciveris,
1098 1162 1221 1226 idcirco
1237 1170 1287 1251 be¹

226 1292 245 1333 a
259 1292 294 1334 se
311 1280 346 1333 et
360 1291 380 1332 a
396 1267 576 1353 republica
592 1275 627 1331 et
642 1288 660 1330 a
673 1277 732 1330 tua
748 1266 914 1352 dignitate
932 1266 1071 1331 deficere
1087 1267 1269 1351 patientur.

227 1373 293 1438 Sed
310 1374 374 1437 iam
391 1371 489 1436 redeo
504 1372 547 1435 ad
563 1392 696 1436 causam
711 1379 813 1454 atque
830 1370 891 1434 hoc
909 1392 978 1447 vos,
996 1370 1132 1447 iudices,
1146 1378 1268 1436 testor:

173 1494 203 1538 ao
226 1477 312 1540 Mihi
328 1476 368 1540 de
385 1477 596 1560 memetipso
614 1484 681 1539 tam
698 1475 804 1538 multa
820 1474 954 1539 dicendi
978 1475 1156 1540 necessitas
1174 1496 1272 1560 quae·

227 1582 303 1645 dam
326 1581 482 1667 imposita
505 1589 558 1645 est
580 1580 622 1644 ab
640 1581 708 1643 illo.
756 1579 852 1656 Nam,
868 1582 896 1643 si
921 1580 1114 1664 Torquatus
1141 1578 1271 1644 Sullam

226 1686 334 1751 solum
353 1692 552 1759 accusasset,
570 1706 632 1770 ego
655 1705 790 1769 quoque
813 1683 875 1747 hcc
900 1692 1048 1768 tempore
1072 1683 1156 1746 nihil
1178 1682 1271 1747 aliud

226 1812 358 1876 agerem
375 1791 438 1853 nisi
456 1811 542 1864 eum,
560 1790 618 1873 qui
635 1796 810 1852 accusatus
835 1797 932 1863 esset,
950 1788 1184 1864 defenderem3
1211 1787 1272 1853 sed

227 1916 304 1959 cum
321 1895 376 1958 ille
394 1902 465 1957 tota
481 1894 539 1956 illa
554 1894 703 1957 oratione
720 1894 754 1955 in
771 1915 822 1957 me
839 1900 928 1957 esset
948 1894 1102 1957 invectus
1126 1900 1161 1957 et
1183 1914 1270 1969 cum,

174 2016 203 2061 aa
226 2008 265 2063 ut
287 2000 383 2062 initio
411 1997 491 2073 dixi,
514 1996 745 2062 defensionem
772 2019 878 2062 meam
905 1996 1048 2082 spoliare
1073 1998 1271 2061 auctoritate

228 2104 400 2177 voluisset,
425 2102 555 2166 etiamsi
583 2122 674 2165 meus
702 2123 753 2165 me
781 2102 876 2166 dolor
899 2101 1099 2186 respondere
1128 2122 1195 2164 non
1221 2122 1273 2166 co

227 2214 331 2294 geret,
343 2214 453 2270 tamen
466 2207 539 2291 ipsa
548 2227 648 2270 causa
657 2206 742 2270 hanc
753 2227 771 2269 a
783 2227 834 2270 me
847 2208 1031 2270 orationem
1042 2204 1270 2291 flagitavisset.

226 2436 289 2472 men
313 2424 343 2472 of
370 2424 523 2484 equestriau
548 2423 637 2471 rank
663 2423 737 2471 who
761 2424 828 2485 itary
837 2423 931 2485 words,
945 2438 974 2472 as
984 2423 1195 2486 contubernalis,
1208 2421 1268 2480 §bh

226 2498 344 2562 guar-ded
372 2498 418 2548 the
447 2498 545 2560 temple
568 2499 596 2548 of
630 2499 738 2560 Jupiter
759 2501 784 2559 6,
798 2500 890 2549 above.

227 2576 319 2626 Stator
331 2576 429 2638 during
441 2575 487 2623 the
506 2575 667 2624 memorable
686 2589 738 2624 ses·
792 2575 893 2625 19-25.
910 2577 1006 2627 redeo
1040 2577 1079 2627 ad
1106 2590 1270 2627 caueam

226 2652 286 2700 sion
296 2651 325 2699 of
337 2651 384 2698 the
396 2656 488 2699 senate
500 2665 536 2701 on
547 2650 616 2700 Nov.
627 2651 684 2712 8th,
694 2651 737 2700 63:
761 2653 854 2702 Cicero
866 2655 965 2704 admits
976 2656 1035 2703 that
1043 2655 1086 2704 his
1096 2655 1189 2704 attack
1199 2669 1271 2719 upon

156 2721 165 2734 ⁹
227 2740 272 2776 see
283 2741 309 2788 p.
323 2726 363 2786 31,
377 2725 439 2785 §aa
762 2730 915 2792 Torquatus
927 2732 975 2780 has
988 2731 1103 2794 nothing
1114 2736 1143 2780 to
1154 2731 1190 2780 do
1208 2731 1270 2780 with

258 2799 365 2857 1213·
389 2799 538 2856 interfuit„
569 2799 649 2849 ‘took
677 2805 738 2862 part
762 2807 808 2854 the
820 2820 892 2856 case:
910 2821 953 2856 see
965 2808 1029 2857 Exc.
1045 2807 1082 2857 ΙΙ.
1097 2809 1111 2868 §
1124 2808 1161 2856 13.
1198 2806 1271 2856 boc:

228 2877 275 2926 in.'
322 2888 489 2937 nusquam:
514 2877 569 2925 this
593 2877 692 2926 adverb
715 2877 737 2926 is
762 2883 805 2932 for
826 2897 886 2933 case
908 2884 942 2932 cl.
965 2884 1045 2944 quod,
1070 2885 1123 2944 §9.
1145 2884 1187 2944 153
1204 2884 1227 2935 Ἰ.
1246 2884 1269 2932 2.

227 2953 292 3002 used
322 2953 387 3002 with
415 2953 492 3001 verbs
519 2953 548 3002 of
576 2953 679 3001 motion
709 2968 738 3003 as
761 2962 889 3008 memet:
910 2960 953 3009 for
975 2960 1045 3009 form
1069 2974 1113 3008 see
1131 2959 1164 3009 A.
1189 2960 1221 3009 99
1236 2958 1272 3021 s,·

228 3030 287 3081 well
304 3045 333 3080 as
351 3035 413 3090 rest,
429 3031 581 3093 answering
598 3031 644 3079 the
662 3044 738 3093 ques·
762 3035 794 3085 G.
810 3037 856 3085 100
869 3037 943 3085 Rern.
960 3038 985 3098 13
1000 3037 1034 3085 H.
1049 3037 1095 3085 184
1107 3036 1134 3091 3:
1150 3032 1181 3085 Β.
1211 3034 1274 3086 842.

228 3109 300 3157 tions
319 3107 466 3157 ‘whither’
486 3108 539 3156 and
557 3107 688 3169 ‘ivhere3’
709 3123 739 3158 so
761 3112 935 3160 necessitas
947 3111 1107 3172 quaedam,
1121 3113 1152 3160 ‘a
1170 3117 1226 3160 sort
1243 3110 1272 3160 oi

228 3187 420 3246 alsouaquorn.
456 3197 536 3232 unus
554 3177 737 3247 plurimumi
761 3187 957 3249 compulsion3’
994 3188 1036 3236 for
1064 3188 1118 3237 this
1146 3188 1273 3250 meaning

229 3276 272 3312 see
284 3276 319 3310 on
331 3262 345 3322 ᾗ
357 3263 395 3310 29.
410 3263 433 3310 5.
761 3265 791 3313 oi
807 3265 942 3325 quaedam
967 3264 1003 3313 cf.
1024 3263 1073 3314 IV.
1095 3263 1141 3311 13.
1161 3264 1205 3325 503
1227 3262 1271 3311 11.

261 3341 331 3402 §aa
350 3339 451 3388 14—18.
468 3337 660 3389 Videsne:
696 3341 739 3390 for
763 3340 899 3400 113219.
938 3340 1204 3398 utinitiodixiin
1222 3341 1270 3402 §2

228 3417 302 3466 force
321 3417 352 3465 oi
368 3429 412 3464 -nc
432 3430 476 3465 see
495 3430 531 3465 on
552 3417 573 3466 Ι.
595 3416 620 3464 7.
637 3418 661 3467 8.
703 3421 739 3465 ut
763 3418 846 3466 16—21.

229 3493 364 3555 eripiam,
383 3492 460 3542 ‘how
477 3493 490 3541 I
508 3507 561 3553 am,
575 3493 654 3555 etc.;’
675 3496 704 3542 ut
717 3495 738 3542 is

229 3570 292 3618 here
309 3583 345 3617 an
362 3569 553 3630 interrogative
568 3568 676 3629 adverb,
690 3575 739 3618 not
794 3569 852 3618 The
870 3569 967 3620 second
985 3575 1046 3632 part
1062 3570 1092 3620 oi
1108 3571 1155 3620 the
1166 3568 1271 3633 speech,

229 3661 245 3693 a
256 3645 444 3707 conjernction:
456 3645 491 3693 cf.
503 3644 739 3706 Marazanae
762 3645 871 3709 dealing
888 3648 954 3695 with
970 3648 1018 3697 the
1040 3647 1147 3709 speoiflc
1164 3647 1274 3710 charges

229 3720 385 3784 examples).
432 3721 550 3782 Explain
580 3721 626 3769 the
649 3721 737 3770 mood.
762 3723 868 3784 against
889 3723 965 3772 Sulla
987 3722 1029 3785 (ἕξ
1046 3722 1151 3787 36-68);
1173 3737 1218 3774 see
1238 3735 1274 3773 on

230 3796 559 3857 desciveriadefleere,
570 3797 672 3861 strictly
682 3798 740 3846 mil·
763 3799 865 3861 rum,
879 3799 977 3850 oratio.
