2678 4260
449 286 506 338 ur.-
529 287 620 351 xiv„
643 288 658 350 s
682 286 737 341 ra.
1101 277 1164 346 391

68 469 133 528 tuo'
145 462 456 548 complexuemori,
472 462 633 548 quoniam
648 483 758 547 neque
776 462 820 541 di,
838 470 980 549 questu
1002 464 1116 530 castis·
1138 477 1168 526 10

67 568 149 636 sime
178 567 323 644 uoluisti,
340 588 449 650 neque
475 566 636 643 homines,
655 567 778 651 quibus
804 588 868 653 ego
893 578 1025 653 semper
1049 591 1115 634 ser-

68 672 151 749 vivi,
176 670 273 735 nobis
297 671 451 756 gratiam
467 671 683 734 rettulerunt.
729 669 799 734 Nos
826 671 999 738 Brundisii
1025 673 1115 758 apud
1138 676 1159 740 2

69 775 117 840 M.
130 775 295 841 Laenium
307 774 467 839 Flaccum
480 773 551 839 dies
564 792 645 838 xm.
659 774 797 852 fuimus,
811 776 921 842 virum
938 778 1112 861 optimum,

69 880 130 966 qui
145 880 333 966 periculum
344 877 557 944 fortunarum
573 886 608 944 et
623 880 742 964 eapitis
757 880 811 944 sui
826 901 904 965 prae
918 902 991 946 mea
1003 882 1112 948 salute

68 984 224 1070 neglexit
238 1004 349 1069 neque
365 982 450 1069 legis
467 983 728 1068 improbissimae
745 1005 853 1069 poena
868 983 1035 1051 deductus
1051 993 1114 1063 ests
1138 1003 1165 1049 rs

69 1088 270 1174 quominus
295 1087 434 1172 hospitii
455 1095 491 1154 et
514 1089 679 1153 amicitiae
704 1089 757 1153 ius
782 1087 997 1174 officiumque
1023 1112 1114 1175 prae·

67 1201 191 1259 staret:
208 1192 287 1258 huie
305 1193 433 1257 utinam
449 1192 631 1278 aliquando
640 1194 784 1279 gratiam
793 1193 917 1259 referre
929 1195 1112 1279 possimusl

67 1297 262 1367 habebimus
279 1296 417 1383 quidem
439 1320 579 1383 semper.
626 1298 808 1364 Brundisio
830 1297 973 1384 profecti
996 1305 1156 1368 sumusu

67 1425 100 1471 a.
115 1402 146 1466 d.
164 1401 209 1465 ΙΙ.
224 1401 270 1467 Κ.
287 1402 384 1466 Mai:
402 1424 461 1488 per
476 1402 710 1467 Macedoniam
727 1403 888 1489 Cyzicum
905 1403 1110 1489 petebamus.

70 1507 169 1572 Ome
185 1504 374 1592 perditum!
399 1505 614 1571 oaffliotuml
662 1507 754 1586 Quid
766 1508 880 1572 enim?
927 1509 1055 1595 Regem
1068 1517 1112 1586 te,
1137 1525 1166 1570 20

68 1619 108 1677 ut
123 1610 262 1676 venias?
307 1610 486 1676 Mulierem
502 1633 645 1697 aegram,
662 1618 697 1676 et
712 1633 848 1696 corpore
865 1619 900 1677 et
912 1613 1022 1677 animo
1037 1635 1114 1678 oon·

67 1713 201 1780 factam.
247 1713 325 1779 Non
352 1714 490 1801 rogem?
536 1713 615 1780 Sine
643 1723 676 1780 te
704 1716 810 1801 igitur
835 1716 925 1780 sim?
973 1716 1112 1802 Opinon

66 1821 115 1885 sio
130 1841 244 1906 agam:
269 1819 297 1884 si
313 1826 366 1884 est
389 1841 465 1905 spes
491 1821 597 1884 nostri
624 1820 763 1895 reditus
780 1841 852 1885 earn
879 1821 1053 1886 confirmes
1077 1831 1113 1889 et

67 1922 304 2000 remadiuves3
321 1924 383 1998 sin,
397 1931 438 1987 ut
453 1945 515 2009 ego
532 1931 655 1999 metuo,
672 1931 877 1989 transactum
894 1932 956 2000 est,
973 1947 1111 2010 quoquo

68 2026 167 2091 modo
182 2034 277 2113 potes
296 2027 339 2091 ad
362 2048 414 2092 me
430 2026 484 2092 fae
502 2028 627 2092 venias.
674 2027 790 2092 Unum
813 2027 875 2092 hoo
898 2030 1001 2094 scito:
1027 2031 1054 2093 si
1079 2038 1111 2095 te
1136 2050 1165 2095 25

67 2129 203 2207 habebo,
217 2154 283 2196 non
301 2131 381 2195 mihi
398 2130 535 2196 videbor
544 2131 642 2217 plane
658 2132 791 2216 perisse.
848 2130 914 2198 Sed
931 2132 1014 2217 quid
1032 2133 1111 2198 Tul-

66 2227 148 2299 liola
167 2256 241 2300 mea
255 2235 334 2300 fiet?
359 2236 425 2298 iam
439 2233 476 2299 id
490 2255 551 2300 vos
567 2233 694 2300 videte:
713 2233 795 2297 mihi
810 2233 906 2299 deest
921 2236 1109 2301 consilium.
1169 2244 1173 2251 '

97 2374 144 2432 10,
157 2374 204 2422 11.
216 2373 256 2432 di,
265 2385 345 2435 quos
356 2377 392 2422 tu
408 2407 414 2421 .
432 2409 438 2421 .
456 2409 462 2421 .
480 2372 575 2422 homi·
599 2372 761 2422 translation
784 2374 864 2436 given
888 2374 981 2423 above.
1027 2377 1112 2435 pete-

65 2463 130 2508 nen,
152 2449 266 2512 quibus
290 2461 361 2511 ego:
389 2450 466 2498 these
489 2449 576 2499 words
598 2448 907 2510 bamusizpetimns:
924 2449 958 2498 oi.
969 2450 1018 2512 Ep.
1029 2449 1109 2499 XIII.

65 2528 140 2578 show
162 2525 261 2589 clearly
278 2527 339 2575 that
357 2525 451 2575 Cicero
468 2525 522 2574 had
540 2539 576 2575 no
598 2524 623 2573 3.
631 2524 752 2588 37),‘we
760 2526 854 2575 intend
863 2532 891 2575 to
900 2526 952 2588 go!
978 2526 1111 2588 Regem:

64 2603 176 2654 laithin
188 2603 235 2652 the
248 2602 368 2652 national
386 2602 461 2665 gods.
598 2603 641 2652 for
657 2603 738 2652 mood
758 2603 792 2652 ef.
813 2603 879 2652 Suli.
899 2601 945 2650 ³0.
968 2605 1009 2660 1ος
1028 2603 1049 2651 1.
1064 2603 1109 2651 24.

96 2678 150 2737 52.
174 2679 276 2727 14-17.
300 2679 414 2740 capitis
438 2678 501 2726 sui:
531 2692 575 2728 see
597 2680 636 2728 25.
671 2679 719 2728 sio
747 2691 842 2741 agam,
868 2678 897 2726 ‘1
922 2679 974 2727 will
997 2692 1110 2741 arrange

64 2771 90 2819 p.
104 2757 145 2816 54,
157 2757 204 2818 §6-
227 2755 305 2816 legis
321 2791 328 2803 .
345 2790 351 2804 .
367 2791 373 2804 .
390 2767 498 2817 poena,
513 2754 575 2804 ‘the
598 2757 619 2805 it
649 2756 731 2806 tirus?
777 2756 949 2812 confirmes,
972 2755 1111 2811 adiuves,

64 2833 242 2896 punishment
253 2832 322 2882 fixed
336 2832 369 2895 by
381 2833 428 2882 the
440 2832 575 2881 shameful
599 2831 772 2896 ‘strengthen
786 2833 806 2881 it
817 2832 871 2882 and
887 2831 931 2881 aid
949 2832 984 2881 its
1002 2831 1111 2881 realita-

64 2909 134 2971 law‚’
148 2909 289 2973 subigen.
323 2907 468 2970 hospitii:
485 2921 528 2958 see
540 2923 575 2958 on
598 2909 674 2959 tion!
710 2910 778 2959 This
801 2923 848 2958 use
870 2908 900 2958 oi
922 2909 970 2957 the
989 2909 1022 2956 au
1040 2909 1108 2969 sing.

65 2987 115 3037 1v.
131 2984 176 3035 2³.
191 2987 215 3035 4.
250 2985 506 3047 gratiamreterre
522 3019 529 3033 .
546 3020 575 3033 ..
597 2990 706 3048 present
729 2985 901 3048 subiunctlve
924 2985 967 3033 for
993 2998 1009 3033 a
1038 2997 1110 3033 oom-

63 3061 315 3112 habeblmus:
342 3061 507 3125 distinguish
528 3062 575 3111 the
597 3060 679 3109 mand
691 3059 835 3109 addressed
847 3065 875 3108 to
892 3073 909 3107 a
925 3057 1034 3108 definite
1052 3071 1110 3120 per·

63 3139 191 3201 meaning
202 3140 231 3188 oi
248 3138 324 3188 these
335 3139 447 3200 phrases
459 3152 467 3199 ;
485 3151 528 3188 see
539 3152 575 3188 on
597 3151 645 3186 son
659 3137 681 3186 is
690 3137 775 3186 found
786 3137 813 3184 in
825 3135 918 3185 Cicero
927 3135 955 3182 in
965 3135 1008 3184 his
1018 3134 1110 3184 letters

63 3216 112 3278 Ep.
125 3215 162 3270 X.
175 3215 193 3265 l.
208 3216 234 3277 13
246 3214 319 3265 what
330 3214 394 3265 does
405 3216 513 3276 protias
523 3228 576 3275 apo
598 3213 670 3275 only,
694 3212 845 3263 elsewhere·
860 3212 895 3261 ha
922 3224 982 3260 uses
1009 3209 1109 3272 always

63 3292 166 3343 mean?
184 3291 355 3353 possimus:
372 3292 432 3340 how
444 3292 508 3342 does
520 3292 575 3341 this
598 3290 644 3339 the
656 3288 822 3351 imperative.
846 3289 1041 3337 mansaetum
1053 3289 1109 3343 est,

63 3369 131 3418 wish
149 3368 230 3418 differ
248 3368 318 3417 from
339 3368 399 3417 that
418 3369 446 3416 in
464 3366 477 3424 i
498 3370 519 3417 1.
539 3369 575 3418 5?
599 3365 649 3415 ‘all
662 3367 684 3415 is
697 3364 780 3425 over‚'
794 3378 869 3415 more
882 3362 1038 3424 commonly
1050 3363 1110 3412 ‘ac-

63 3445 113 3496 See
124 3459 160 3495 on
172 3445 195 3495 1.
209 3445 254 3493 22.
266 3446 281 3494 3
293 3445 348 3494 and
358 3444 397 3494 11.
411 3444 438 3492 4.
450 3445 490 3494 23.
597 3447 653 3494 tum
666 3443 725 3494 est!

85 3523 148 3584 jib
172 3521 275 3571 18-24.
298 3520 433 3583 proiecti
466 3533 574 3570 sumus
628 3518 971 3581 242⁷.qu1d...fiet.
994 3532 1010 3567 a
1032 3532 1109 3580 ques-

63 3612 88 3648 ι
100 3599 128 3648 d.
137 3599 177 3648 11.
184 3598 222 3647 K.
231 3599 304 3648 Mal.
317 3600 328 3660 (
340 3623 365 3647 =
373 3599 574 3660 proficiscimur
596 3597 654 3646 tion
671 3597 732 3645 that
748 3597 782 3645 he
799 3596 894 3644 thinks
912 3594 1040 3644 Terentia
1053 3594 1108 3644 will

64 3674 164 3738 bodie),
177 3675 232 3726 ‘we
241 3679 309 3725 start
318 3674 439 3737 today2’
454 3675 571 3724 seeExo.
596 3673 677 3722 raise:
693 3686 730 3722 se.
741 3671 906 3733 inthonght3
925 3670 963 3720 ‘if
971 3683 1108 3732 youeome

63 3749 187 3808 11.-515.
223 3764 248 3799 a.
265 3750 294 3799 d.
311 3750 357 3807 11..
375 3750 438 3799 here
454 3748 519 3812 only
532 3750 575 3799 for
595 3755 624 3798 to
642 3749 703 3798 me’
738 3746 878 3802 Tulliola.
898 3749 947 3797 the
971 3760 1051 3795 name
1074 3747 1108 3810 by

59 3828 171 3892 pridie:
188 3826 297 3892 explain
314 3828 362 3878 the
378 3827 441 3878 date
457 3826 513 3877 aud
526 3826 574 3877 tite
587 3826 684 3884 ‚which
691 3825 785 3876 Cicero
792 3823 897 3888 usually
904 3824 1003 3888 speaks
1010 3823 1113 3889 others
