2678 4260
437 278 517 335 mr.
542 279 631 348 aa,
655 278 669 346 e
692 280 780 336 aaa.
1100 267 1165 340 485

115 467 206 521 xxx.
238 449 302 520 His
318 455 359 521 de
376 463 427 520 tot
443 456 614 540 tantisque
632 456 762 519 iniuriis
779 457 812 519 in
830 457 947 532 socios
960 457 995 520 in
1008 480 1113 545 reges,
1127 462 1166 526 64

70 563 107 625 in
129 561 283 626 civitates
309 559 427 624 liberas
453 561 630 624 consulum
653 560 802 644 querella
826 583 897 625 esse
918 560 1054 638 debuit3
1078 564 1112 626 in

70 666 144 730 eius
171 665 388 751 magistratus
416 665 523 730 tutela
548 685 642 750 reges
669 671 770 748 atque
798 671 932 729 exterae
960 667 1112 732 nationes

70 790 200 854 semper
215 768 366 833 fuerunt.
413 768 549 852 Ecquae
566 790 632 833 vox
649 789 810 852 umquam
827 775 879 832 est
901 768 1017 833 audita
1039 792 1114 835 con-

70 873 208 938 sulum?
253 872 466 956 Quamquam
499 872 574 957 quis
605 871 747 947 audiret,
779 871 807 935 si
846 873 989 937 maxime
1020 875 1153 957 querit

70 977 223 1042 vellent?
268 977 319 1040 De
346 975 471 1062 Cyprio
495 998 573 1062 rege
600 982 829 1060 quererentur,
847 976 906 1060 qui
931 998 983 1041 me
1006 978 1113 1043 civem

71 1081 165 1145 nullo
177 1102 252 1145 meo
264 1080 400 1145 crimine
416 1081 543 1164 patriae
559 1080 692 1144 nomine
708 1078 914 1144 laborantem
931 1102 998 1144 non
1017 1080 1113 1146 modo

70 1192 216 1250 stantem
232 1205 299 1248 non
316 1182 550 1258 defenderunt,
568 1183 683 1248 sedne
702 1185 864 1248 iacentem
882 1183 1019 1268 quidem
1042 1207 1114 1270 pre
1216 1167 1218 1172 ¹

70 1289 253 1354 texerunt?
300 1287 483 1362 Cesseram,
510 1288 539 1351 si
564 1288 706 1351 alienam
731 1309 750 1350 a
776 1309 828 1352 me
852 1287 983 1372 plebem
1009 1288 1114 1354 inisse

71 1394 183 1469 voltis),
211 1415 298 1478 quae
327 1414 394 1455 non
426 1391 504 1466 fuit,
522 1390 686 1466 invidiae3
722 1392 750 1455 si
779 1393 978 1457 commoveri
1004 1394 1115 1457 omnia
1138 1409 1168 1455 10

72 1496 282 1572 videbantur,
299 1497 460 1581 tempori3
486 1496 515 1559 si
537 1496 588 1559 vis
612 1493 757 1571 suberat,
774 1497 893 1571 armis3
920 1497 948 1560 si
971 1498 1114 1562 societas

71 1601 339 1686 magistratuum,
357 1600 524 1685 pactioni3
548 1600 577 1663 si
593 1598 782 1683 periculum
799 1600 934 1676 civium,
946 1601 992 1665 rei
1009 1601 1115 1685 publi·

69 1725 138 1769 cae.
185 1703 264 1779 Cur,
276 1726 353 1769 cum
369 1704 410 1769 de
428 1704 537 1789 capite
554 1704 637 1768 civis
656 1705 742 1787 (non
758 1702 902 1789 disputo,
913 1705 1009 1769 cuius
1026 1704 1114 1769 modi
1127 1709 1166 1772 65

70 1809 172 1891 civis)
191 1815 226 1872 et
247 1807 288 1872 de
311 1807 405 1872 bonis
429 1807 627 1892 proscriptio
650 1806 804 1883 ferretur,
820 1829 898 1872 cum
921 1815 956 1872 et
977 1798 1114 1874 sacratis

70 1911 201 1998 legibus
217 1919 252 1976 et
267 1929 322 1974 ΧΠ
345 1911 468 1979 tabulis
492 1918 646 1975 sanetum
671 1918 768 1986 esset,
785 1919 883 1976 utne
907 1912 961 1976 cui
985 1913 1167 1997 privile-15

70 2016 165 2102 glum
194 2015 339 2102 inrogari
370 2016 486 2080 liceret
516 2036 601 2080 neve
639 2013 680 2079 de
718 2015 826 2098 capite
865 2016 929 2078 nisi
969 2017 1113 2082 comitiis

70 2120 267 2184 centuriatis
283 2120 402 2207 rogari,
420 2119 515 2183 nulla
531 2141 598 2184 vox
622 2126 674 2183 est
696 2117 811 2182 audita
835 2120 1022 2195 consulum,
1039 2142 1114 2185 con-

70 2222 295 2306 stitutumque
312 2228 365 2286 est
379 2220 437 2285 illo
453 2240 550 2295 anno,
562 2227 727 2304 quantum
740 2220 775 2282 in
792 2219 857 2284 illis
871 2218 1001 2285 duabus
1013 2220 1113 2286 huius

70 2325 200 2409 imperii
223 2325 373 2410 pestibus
395 2323 474 2399 fuit,
489 2325 562 2388 iure
586 2345 682 2408 posse
705 2346 764 2408 per
790 2345 905 2409 operas
931 2325 1113 2389 concitatas

72 2512 124 2576 17),
137 2514 191 2564 aud
202 2515 280 2577 point
291 2519 339 2564 out
352 2512 456 2564 similar
467 2511 580 2563 infelici·
603 2511 625 2564 7.
643 2512 696 2561 and
712 2524 755 2562 see
772 2526 806 2562 on
819 2513 856 2562 11.
871 2512 915 2562 20.
926 2514 965 2563 35.
1001 2512 1113 2563 voltint

71 2591 121 2641 ties
134 2592 162 2640 in
175 2591 224 2643 IV.
238 2591 284 2639 1⁵.
294 2591 338 2653 333
351 2590 398 2640 16.
409 2590 448 2640 38.
483 2589 580 2639 Notice
602 2589 646 2639 for
664 2589 791 2651 meaning
802 2589 835 2638 cf.
850 2587 916 2639 Sull.
936 2587 982 2637 ³1.
1001 2589 1045 2651 333
1062 2588 1112 2640 IV.

70 2667 118 2716 the
130 2667 329 2717 accumulation
342 2667 372 2716 of
391 2666 520 2716 ablatives
540 2663 578 2728 (6)
601 2663 647 2713 10.
661 2665 702 2726 143
719 2664 746 2713 8.
763 2665 802 2714 34.
837 2663 1019 2714 societas
1045 2700 1051 2712 .
1077 2700 1083 2713 .
1108 2700 1114 2714 .
1172 2717 1174 2721 ,

71 2743 99 2792 in
113 2743 140 2793 ll.
154 2744 194 2793 23.
209 2745 249 2794 25.
601 2741 755 2802 pactioni:
777 2741 819 2791 ior
835 2742 881 2791 tbe
898 2742 954 2790 fact
977 2742 1012 2791 cf.
1037 2742 1051 2804 ς
1073 2741 1113 2792 24.

601 2817 688 2868 33-38.
711 2818 858 2868 erowere
866 2818 913 2868 the
922 2818 1115 2880 magistrates?

103 2897 169 2960 §64
188 2896 269 2946 1-12.
297 2909 391 2959 reges,
426 2896 580 2952 civitatee,
602 2893 684 2945 What
693 2908 748 2943 was
760 2894 807 2944 tire
820 2893 956 2957 bargain?

70 2973 251 3034 Ptolemaeus,
275 2972 448 3036 Byzantium:
470 2972 513 3039 for
533 2971 580 3020 the
634 2970 699 3031 565.
718 2969 820 3018 13-19.
837 2982 901 3019 non
909 2969 1113 3033 disputo,etc.,

70 3049 158 3112 plural
171 3049 206 3099 cf.
220 3046 233 3104 i
245 3050 284 3098 35.
299 3049 338 3098 24.
374 3048 579 3109 magistratus,
604 3045 689 3109 ‘isay
698 3046 813 3109 nothing
820 3046 903 3097 about
911 3047 958 3096 tire
966 3046 1113 3109 character,

70 3126 119 3174 the
147 3124 311 3187 consulship.
358 3124 428 3186 quia
451 3123 580 3180 audiret,
602 3121 1112 3185 etc’aaoratialegibua:seeon§16.

73 3201 151 3251 ‘who
162 3215 217 3250 was
236 3205 266 3250 to
285 3200 388 3250 lreari’
425 3200 468 3249 He
487 3213 580 3250 means
602 3200 640 3248 15.
655 3197 720 3246 xn
737 3198 867 3246 tabulis:
884 3212 974 3249 aeeon
987 3197 1113 3250 Mun25.

71 3279 134 3328 that
145 3278 191 3327 the
203 3282 296 3328 senate
307 3291 362 3327 was
373 3277 516 3340 pouerless
527 3277 580 3326 and
602 3277 633 3325 20
650 3275 683 3324 ad
704 3274 748 3324 fin.
780 3274 990 3337 privilegium:
1012 3289 1056 3326 see
1077 3289 1114 3325 on

71 3355 119 3404 the
128 3352 315 3417 peopleslaves
322 3358 350 3403 to
358 3352 476 3404 Clodius.
494 3352 580 3401 nullo
603 3351 668 3413 530.
687 3351 724 3401 19.
759 3351 818 3398 nisi
831 3351 968 3400 comitiis
980 3351 1114 3401 centuri·

71 3442 142 3480 meo
160 3430 295 3488 crimine,
314 3429 411 3479 ‘when
430 3442 467 3479 no
484 3429 581 3492 charge
603 3426 679 3474 atis:
701 3440 745 3475 see
768 3440 793 3489 p.
812 3426 852 3487 36,
872 3427 937 3488 563.
981 3426 1051 3476 How
1067 3426 1113 3476 did

71 3506 125 3556 had
136 3507 203 3556 been
214 3505 332 3569 brought
342 3507 447 3568 against
458 3504 520 3566 me,'
534 3509 582 3554 not
604 3502 697 3552 Cicero
708 3507 753 3565 get
764 3502 868 3552 around
880 3503 935 3552 this
948 3502 1004 3552 fact
1020 3502 1050 3551 in
1067 3503 1115 3552 the

73 3583 133 3632 ‘ior
142 3597 178 3633 no
186 3581 257 3631 fault
266 3583 295 3632 of
303 3580 405 3631 mine:’
419 3595 462 3631 see
470 3595 506 3630 on
514 3581 579 3631 Sall.
604 3593 664 3629 ease
676 3578 705 3628 of
721 3579 767 3627 tire
779 3578 984 3642 conspirators?
1016 3579 1066 3629 See
1077 3592 1112 3629 on

71 3657 148 3708 6.36.
183 3669 247 3707 non
263 3656 359 3706 modo
375 3668 439 3705 non
455 3691 461 3703 .
479 3691 485 3703 .
502 3691 508 3703 .
525 3655 582 3705 aed
604 3655 654 3705 IV.
667 3654 713 3704 10.
725 3655 766 3715 22,
779 3655 818 3705 23.
851 3655 1112 3717 quantumin...

71 3733 319 3796 ne...quidem:
336 3731 414 3783 could
425 3732 473 3782 the
484 3733 581 3782 second
602 3731 670 3788 fuit,
692 3731 736 3780 ‘as
758 3730 801 3780 far
817 3745 846 3780 as
862 3730 906 3794 lay
925 3731 954 3780 in
972 3767 979 3780 .
999 3767 1005 3780 .
1024 3730 1041 3781 .’
1068 3730 1113 3781 ‘aa

70 3811 281 3862 nonhavebeen
293 3809 430 3859 omitted?
463 3807 506 3859 cf.
518 3808 579 3871 520.
605 3808 686 3858 laras
703 3844 710 3858 .
729 3843 736 3858 .
756 3842 763 3858 .
782 3806 881 3858 could!
