2678 4260
442 289 495 354 ire.
521 304 552 367 1,
578 292 751 369 §s;11.‚§
778 291 831 356 1-3.
1117 271 1181 357 ate

86 468 177 559 apud
192 482 226 539 te
245 476 364 550 valere,
382 474 497 540 sedne
523 477 572 551 iis,
591 465 650 560 q'ui
674 498 725 540 me
749 482 916 562 rogarent,
934 476 1063 561 aliquid
1086 477 1127 542 de

87 586 199 643 nostra
234 580 471 644 coniunctione
507 582 722 644 imminutum
754 601 824 644 esse
858 579 1129 657 ostenderem,-

87 691 208 760 tamen,
226 706 303 748 cum
320 685 359 747 T.
374 684 590 768 Pomponius,
606 684 703 748 homo
720 684 870 748 omnium
886 674 1036 748 meorum
1048 686 1082 755 in
1095 694 1128 750 te
1166 702 1181 748 o

86 786 275 852 studiorum
290 795 325 852 et
346 786 530 852 officiorum
553 788 695 852 maxime
719 789 883 864 conscius
901 789 951 852 tui
975 788 1127 873 cupidus,

86 893 192 956 nostri
208 892 468 968 amantissimus,
485 891 527 955 ad
544 901 575 956 te
600 893 875 976 proficisceretur,
893 892 1023 976 aliquid
1046 893 1127 957 mihi

85 995 297 1061 scribendum
314 997 442 1081 putavi,
460 997 654 1080 praesertim
666 1018 742 1060 oum
755 997 854 1060 aliter
866 996 930 1080 ipsi
943 995 1127 1082 Pomponio

86 1099 277 1165 satisfacere
301 1122 367 1164 non
391 1121 530 1185 possem.
578 1100 651 1185 Ego
674 1101 702 1164 si
725 1099 783 1164 abs
807 1107 840 1164 te
864 1121 994 1164 summa
1023 1099 1130 1164 officia
1160 1105 1181 1167 2

86 1202 279 1281 desiderem,
297 1205 416 1268 mirum
434 1205 559 1269 nemini
577 1203 684 1270 videri
708 1203 846 1280 debeat3
872 1205 983 1268 omnia
1007 1205 1095 1269 enim
1110 1226 1130 1269 a
1152 1221 1181 1267 10

86 1330 137 1373 me
156 1310 189 1372 in
207 1316 238 1373 te
255 1308 405 1394 profecta
421 1318 511 1384 sunt,
529 1330 614 1394 quae
631 1308 673 1372 ad
690 1316 787 1373 tuum
804 1307 1023 1385 commodum,
1042 1331 1127 1394 quae

86 1411 129 1476 ad
151 1413 318 1492 honorem,
341 1435 426 1498 quae
450 1412 493 1476 ad
515 1412 715 1499 dignitatem
738 1413 961 1496 pertinerent:
994 1435 1053 1497 pro
1076 1414 1128 1478 his

86 1517 184 1582 rebus
202 1518 327 1582 nullam
345 1517 426 1580 mihi
453 1517 511 1582 abs
537 1526 569 1581 te
597 1518 736 1582 relatam
763 1539 833 1581 esse
860 1518 1000 1602 gratiam
1026 1525 1065 1582 tu
1092 1540 1127 1583 es

86 1623 231 1706 optimus
249 1623 353 1698 testis,
370 1629 486 1686 contra
502 1623 602 1685 etiam
618 1643 688 1686 esse
712 1620 841 1704 aliquid
864 1621 921 1685 abs
945 1630 977 1685 te
1002 1621 1128 1706 profec-

87 1734 159 1789 tum
175 1748 216 1790 ex
233 1726 348 1790 multis
361 1725 495 1801 audivi3
514 1747 590 1789 nam
604 1725 831 1809 “comperisse
846 1724 927 1789 ”me
942 1747 1007 1788 non
1021 1725 1128 1791 audeo
1153 1744 1180 1789 15

86 1829 205 1906 dicere,
222 1852 263 1895 ne
287 1830 373 1895 forte
398 1830 432 1894 id
456 1831 566 1914 ipsum
584 1829 721 1894 verbum
746 1850 875 1913 ponam,
900 1829 991 1913 quod
1014 1830 1070 1894 abs
1094 1839 1127 1896 te

85 1935 181 1999 aiunt
197 1934 281 1999 falso
298 1936 332 1997 in
356 1957 407 2000 me
433 1936 538 1999 solere
563 1934 727 2009 conferri3
751 1932 811 1997 sed
834 1954 881 2009 ea,
900 1954 984 2017 quae
1009 1934 1051 1997 ad
1075 1956 1126 2000 me

84 2038 196 2103 delata
228 2047 318 2115 sunt,
347 2040 433 2103 malo
466 2047 498 2104 te
531 2061 573 2104 ex
607 2038 802 2122 Pomponi0,
828 2039 883 2101 cui
916 2059 982 2101 non
1015 2039 1126 2104 minus

85 2145 224 2208 molesta
258 2143 406 2220 fuerunt,
439 2165 539 2228 quam
577 2166 619 2207 ex
651 2143 731 2206 meis
762 2142 883 2206 litteris
916 2163 1125 2228 cognoscere.

86 2247 182 2312 Meus
201 2249 234 2310 in
251 2255 283 2312 te
300 2249 431 2311 animus
448 2268 549 2332 quam
573 2246 736 2332 singulari
762 2244 869 2309 officio
895 2245 1007 2322 inerit,
1025 2255 1060 2311 et
1081 2269 1130 2313 se·
1151 2265 1182 2311 ao

84 2359 182 2416 natus
200 2359 234 2416 et
257 2353 401 2437 populus
424 2353 594 2416 Romanus
619 2352 715 2415 testis
740 2358 809 2414 est:
835 2358 873 2415 tu
890 2372 991 2434 quam
1009 2360 1127 2437 gratus

83 2477 162 2542 erga
187 2478 239 2521 me
265 2455 379 2532 fueris,
397 2457 466 2541 ipse
494 2456 684 2519 existimare
711 2462 825 2538 potes3
854 2463 1019 2538 quantum
1044 2456 1126 2519 mihi

83 2559 213 2638 debeas,
238 2562 339 2626 ceteri
364 2560 568 2625 existiment.
616 2559 689 2646 Ego
713 2579 800 2644 quae
816 2567 875 2622 tua
899 2580 998 2624 causa
1030 2568 1128 2626 antea
1158 2565 1179 2628 3

82 2773 135 2810 ne:
150 2775 195 2811 see
206 2777 242 2812 on
255 2763 324 2813 Mur.
335 2764 360 2812 2.
373 2763 412 2817 27.
447 2775 594 2824 meroga·
617 2765 666 2809 tra
694 2759 789 2809 etiam
817 2771 894 2815 osse,
921 2765 984 2821 etc,
1012 2760 1091 2824 ‘nay,
1117 2764 1130 2814 Ι

82 2841 164 2886 rent:
180 2853 216 2888 sc.
229 2838 335 2889 litteras
344 2841 591 2890 commendaticiae.
618 2839 687 2887 have
699 2839 781 2888 heard
794 2839 864 2889 from
877 2853 959 2903 many
969 2841 1031 2890 that
1045 2856 1130 2891 some·

82 2913 113 2960 Τ.
125 2914 316 2976 Pomponius
329 2915 475 2977 (Atticus).
511 2917 541 2966 P.
554 2917 592 2978 18,
617 2916 695 2976 thing
713 2916 759 2964 the
777 2929 839 2978 very
855 2917 978 2978 opposite
996 2917 1036 2978 [oi
1048 2919 1130 2981 grati·

83 2990 97 3052 ξ
124 2992 163 3040 15.
208 2992 256 3040 tui
278 2993 419 3054 cupidus,
445 2993 519 3044 ‘well
542 2994 595 3042 dis·
617 2991 691 3052 tude]
710 2993 758 3041 has
776 2994 922 3055 proceeded
946 2994 1016 3043 from
1040 2995 1126 3058 youz'

82 3068 164 3130 posed
182 3074 211 3118 to
230 3069 302 3130 you'
337 3070 450 3119 nostri:
473 3071 516 3120 ior
533 3084 594 3120 case
618 3072 713 3118 contro
736 3070 759 3117 is
781 3082 815 3118 an
841 3070 900 3119 adv.
917 3071 971 3120 and
1000 3071 1034 3120 its
1061 3072 1129 3135 posi·
1174 3133 1177 3137 .

84 3141 124 3205 (so
142 3142 194 3206 tui)
212 3145 265 3195 and
283 3146 353 3196 form
370 3161 414 3196 see
431 3162 466 3196 on
484 3147 533 3197 IV.
548 3147 593 3196 19.
617 3146 673 3194 tion
692 3146 713 3194 is
731 3160 794 3208 very
812 3148 960 3210 emphatic;
978 3148 1020 3198 ior
1037 3149 1072 3198 its
1088 3154 1129 3198 at-

84 3221 121 3272 17.
156 3222 340 3282 praesertim
368 3235 453 3272 oum:
486 3238 531 3274 see
558 3239 592 3274 on
616 3222 743 3271 tributive
766 3237 843 3273 sense
862 3225 896 3273 ci.
912 3225 1011 3286 adhuc,
1027 3225 1062 3274 11.
1081 3225 1127 3274 27.

82 3296 147 3347 Suli.
162 3296 187 3346 6.
200 3299 239 3347 28.
616 3301 654 3348 20.

114 3371 157 3429 52.
172 3373 272 3423 10-14.
287 3375 594 3433 desiderem,‘c1aim:'
649 3375 750 3424 15-23.
769 3378 1016 3440 '‘comperissem''
1034 3395 1077 3430 see
1091 3395 1127 3431 on

82 3450 172 3499 notice
195 3452 241 3500 the
263 3453 389 3503 different
412 3455 540 3516 meaning
565 3455 592 3503 in
616 3451 681 3502 Suii.
715 3452 761 3502 86.
793 3454 816 3505 8.
862 3453 943 3503 falso
968 3470 1031 3519 goes
1061 3458 1127 3506 with

83 3525 132 3588 Iip.
145 3526 166 3575 1.
176 3525 201 3574 3.
213 3529 249 3576 16.
279 3530 486 3588 commodum,
498 3530 593 3579 hono·
617 3528 742 3589 conferri.
759 3529 851 3578 Meus
859 3531 1078 3594 animus=epos
1090 3533 1124 3583 ci.

82 3614 154 3659 rem,
178 3603 368 3664 dignitatem,
391 3608 438 3657 the
455 3609 591 3670 province,
617 3606 664 3667 Ep.
680 3606 700 3654 I.
715 3604 740 3652 3·
754 3608 793 3656 22.
830 3607 941 3664 officio,
958 3609 1125 3660 ‘dev⁰i50n·’

84 3678 213 3740 triumph,
226 3680 279 3728 and
292 3681 411 3743 politicai
430 3683 546 3746 position
565 3685 593 3733 of
615 3686 708 3735 testis
734 3690 796 3736 est:
822 3687 865 3737 ior
887 3689 1000 3738 number
1018 3690 1052 3739 ci.
1075 3691 1124 3753 Ep.

84 3753 229 3804 Antonius.
276 3769 354 3818 quac
378 3758 593 3822 adquae
618 3762 638 3811 1.
669 3761 694 3809 3.
725 3764 762 3812 18.
814 3765 1003 3824 existiment,
1036 3767 1128 3817 horta-

83 3828 124 3878 ad
140 3867 146 3879 .
163 3867 169 3879 .
187 3867 192 3879 .
211 3843 289 3892 quae
312 3833 366 3883 ad:
388 3834 493 3898 figure?
520 3849 593 3885 oon·
615 3845 682 3901 tory.
