2678 4260
410 266 490 318 ore.
515 269 603 329 arsa,
629 268 748 330 §sesa
1101 255 1165 322 589

65 461 150 526 quos
166 440 276 506 vivit?
324 440 399 506 Etsi
415 440 450 504 id
466 440 603 524 quidem
619 462 686 504 non
703 441 789 504 tanti
814 448 875 517 est,
894 463 995 526 quam
1020 443 1111 526 quod

63 551 201 629 propter
220 543 354 609 eosdem
370 565 436 619 non
453 546 615 629 sanguine
632 553 666 608 et
683 545 879 609 vulneribus
903 547 974 609 suis
998 546 1113 612 erude-

63 649 183 714 lissimi
199 650 326 714 inimici
355 658 501 714 mentem
525 650 708 733 oculosque
733 651 880 714 satiavit.
930 649 1023 729 Quos
1048 653 1111 716 nisi

63 773 166 818 manu
191 754 345 828 misisset,
372 754 547 818 tormentis
573 754 674 817 etiam
700 753 845 818 dedendi
874 754 1015 818 fuerunt
1038 776 1113 819 oon·
1137 773 1164 818 rs

62 864 250 923 servatores
281 857 416 933 domini,
449 858 574 921 ultores
606 858 750 933 sceleris,
784 856 974 923 defensores
1006 861 1107 924 neeis.

63 961 130 1026 Hie
147 984 225 1027 vero
249 962 334 1025 nihil
350 962 451 1026 habet
473 963 507 1024 in
523 962 575 1026 his
600 962 705 1038 malis,
723 961 814 1047 quod
838 964 947 1026 minus
972 965 1109 1028 moleste

62 1066 160 1143 ferat,
177 1088 288 1150 quarn,
305 1067 436 1130 etiarnsi
463 1065 547 1149 quid
564 1066 627 1149 ipsi
651 1066 791 1141 aecidat,
810 1088 881 1130 esse
908 1075 1018 1130 tamen
1042 1068 1109 1132 illis

62 1172 220 1234 meritum
270 1171 455 1255 praemium
496 1170 716 1254 persolutum.
779 1168 846 1234 Sed
892 1173 1105 1254 quaestiones
1124 1177 1162 1238 59

62 1281 186 1359 urgent
202 1273 373 1346 Milonem,
391 1294 476 1357 quae
492 1280 574 1337 sunt
589 1272 720 1337 habitae
738 1295 826 1338 nune
843 1275 877 1336 in
894 1275 978 1337 atrio
1004 1275 1113 1338 Liber·
1134 1293 1165 1337 to

62 1379 153 1442 tatis.
201 1377 411 1456 Quibusnam
443 1376 484 1440 (le
512 1378 644 1441 servis?
690 1378 826 1464 Rogas?
856 1377 896 1442 de
929 1377 967 1440 P.
1000 1379 1108 1444 Clodi.

63 1481 215 1560 Quiseos
226 1481 437 1566 postulavit?
470 1481 614 1565 Appius.
650 1481 735 1560 Quis
747 1482 933 1566 produxit?
965 1483 1107 1567 Appius.

63 1584 188 1650 Unde?
231 1585 288 1649 Ab
300 1585 423 1669 Appio.
470 1584 515 1647 Di
529 1584 622 1649 boni!
647 1585 731 1670 ¹quid
744 1593 855 1670 potest
866 1588 921 1672 agi
937 1588 1107 1651 severius?

61 1690 114 1753 De
139 1690 243 1754 servis
267 1690 361 1753 nulla
386 1690 460 1775 lege
484 1691 637 1773 quaestio
658 1691 763 1754 estin
786 1688 958 1753 dominum
980 1692 1044 1754 nisi
1068 1691 1108 1755 de

60 1796 193 1858 incestu
222 1796 281 1878 (ut
307 1794 375 1858 fuit
401 1796 436 1856 in
465 1793 634 1857 Clodium.
681 1793 837 1858 Proxime
865 1793 943 1859 deos
970 1797 1111 1859 accessit
1132 1812 1162 1856 25

61 1897 213 1975 Clodius,
231 1900 367 1983 propius
388 1919 489 1982 quam
513 1904 596 1973 tum,
614 1919 692 1962 oum
715 1898 757 1961 ad
781 1899 870 1982 ipsos
895 1905 1106 1982 penetrarat3

60 2005 157 2067 ouius
174 2001 215 2067 de
232 2012 337 2066 morte
362 2011 534 2087 tamquam
557 2002 598 2066 de
626 2004 834 2067 caerimoniis
852 2004 984 2067 violatis
1009 2025 1106 2088 quae·

59 2107 289 2189 ritur)-sed
320 2115 432 2171 tamen
465 2108 603 2171 maiores
637 2108 743 2171 nostri
780 2108 815 2170 in
854 2106 1025 2171 dominum
1065 2108 1105 2172 de

59 2231 157 2274 servo
185 2213 301 2294 quaeri
329 2211 520 2284 noluerunt,
539 2232 605 2274 non
632 2212 714 2294 quin
741 2218 853 2295 posset
874 2234 990 2276 verum
1018 2214 1108 2276 inve·

60 2314 135 2389 niri,
153 2313 212 2378 sed
229 2316 307 2398 quia
324 2313 501 2378 videbatur
518 2314 696 2400 indignum
713 2336 784 2379 esse
803 2324 837 2379 et
853 2315 978 2378 domini
1003 2324 1108 2380 morte
1131 2331 1160 2376 ao

59 2419 132 2502 ipsa
148 2419 298 2493 tristius3
323 2419 357 2481 in
375 2439 468 2481 reum
484 2417 525 2482 de
542 2439 638 2483 servo
655 2420 856 2483 accusatoris
879 2441 955 2483 eum
980 2421 1107 2504 quaeri·

916 2565 1111 2574 -——---———-

91 2645 193 2695 12-18.
220 2645 255 2693 id
272 2645 400 2707 quidem
412 2658 475 2694 non
493 2645 573 2694 tanti
596 2645 729 2708 governed
753 2646 788 2708 by
807 2649 939 2707 prostitue,
961 2647 993 2696 A.
1016 2649 1061 2698 261
1082 2650 1109 2707 2;

58 2720 572 2784 estete,‘andyettliis(i.e.‚vivere)
596 2722 628 2771 G.
652 2723 701 2772 356
730 2722 805 2772 Rem.
830 2723 857 2784 4;
887 2723 921 2772 H.
947 2725 992 2773 391
1020 2723 1056 2773 11.
1081 2737 1109 2784 ας

58 2801 81 2849 is
115 2805 165 2848 not
207 2799 294 2848 worth
337 2812 368 2848 so
410 2798 492 2848 much
534 2797 727 2857 as‚13.1413.

58 2875 120 2925 etc.’
170 2874 237 2924 Case
265 2876 294 2923 of
327 2875 421 2924 tanti?
470 2873 574 2924 defen·
626 2874 672 2923 26.
690 2870 1026 2937 adipsos'penetrarat,
1039 2877 1108 2926 ‘had

58 2962 173 3000 sores
193 2950 319 2999 necis:
343 2950 378 3001 cf.
398 2951 468 2999 Mur.
488 2949 513 2998 ³.
534 2951 571 2999 19.
595 2951 686 3002 forced
711 2952 754 3001 his
785 2966 843 3014 way
867 2953 924 3002 into
952 2954 1022 3002 their
1045 2967 1108 3015 very

58 3026 183 3076 etiamsi
200 3061 206 3074 .
224 3061 229 3074 .
247 3062 252 3075 .
271 3026 410 3075 aecidat:
422 3040 510 3077 seeou
521 3026 571 3077 IV,
595 3028 740 3090 presence’

58 3102 83 3150 3.
98 3102 121 3154 7.
627 3104 728 3154 28-30.
752 3105 886 3154 maiores
916 3107 1022 3162 nostri,
1055 3113 1104 3156 ete.

91 3179 156 3240 559.
170 3178 272 3227 19-25.
292 3179 574 3240 quaestiones,‘ex·
595 3181 653 3230 The
671 3187 813 3244 argument
839 3184 872 3231 is:
897 3182 922 3230 Ii
945 3197 994 3231 our
1016 3197 1107 3232 ances-

57 3254 229 3316 arnination,’
248 3255 278 3304 oi
298 3255 344 3304 the
362 3255 448 3305 slaves
466 3256 495 3306 oi
513 3255 573 3306 Clo·
595 3263 650 3307 tors
669 3258 798 3306 excluded
817 3259 941 3307 errloreed
961 3259 1107 3320 testimony

58 3333 127 3380 dius.
181 3332 342 3393 Appius,
366 3347 382 3381 a
409 3333 522 3394 nephew
544 3332 573 3383 of
596 3335 673 3382 when
693 3335 739 3383 the
758 3334 833 3382 truth
854 3334 932 3383 could
953 3335 984 3383 be
1002 3336 1106 3385 arrived

58 3407 178 3458 Clodius.
214 3407 312 3466 Unde,
325 3423 354 3457 as
370 3410 397 3456 in
411 3409 479 3458 Mur.
492 3408 537 3458 26.
547 3410 569 3458 8.
595 3417 631 3467 at,
657 3412 719 3460 how
742 3412 822 3460 much
846 3425 920 3460 more
948 3411 1044 3461 should
1068 3426 1107 3461 we

57 3484 196 3533 incestu:
220 3485 267 3534 the
290 3490 449 3534 statements
479 3485 506 3532 in
534 3500 574 3534 re·
595 3488 706 3537 exclude
736 3489 755 3535 it
784 3487 811 3535 in
840 3488 895 3536 this
921 3502 990 3547 case,
1018 3488 1107 3537 where

56 3561 122 3622 gard
140 3564 170 3610 to
187 3560 233 3610 the
251 3562 376 3622 quaestio
394 3562 426 3610 de
444 3565 527 3611 sertis
544 3563 572 3610 in
595 3563 713 3614 Clodlus’
743 3564 830 3613 slaves
858 3570 959 3614 cannot
993 3565 1025 3613 be
1059 3577 1107 3612 ex-

57 3636 84 3685 ll.
108 3637 148 3698 24,
170 3637 210 3698 25,
230 3651 276 3686 are
296 3642 344 3687 not
365 3643 433 3697 true,
452 3638 505 3686 and
528 3652 572 3688 are
595 3640 689 3701 pected
717 3646 746 3688 to
773 3639 819 3689 tell
844 3640 890 3689 the
914 3642 996 3688 truth.
1042 3653 1106 3689 non

56 3712 136 3762 made
165 3713 265 3775 merely
289 3718 317 3762 to
353 3712 491 3763 introduce
525 3715 573 3764 the
595 3716 669 3776 quin
687 3751 692 3762 .
710 3752 715 3762 .
733 3751 738 3763 .
756 3715 813 3765 sed
831 3716 916 3781 qula:
933 3729 978 3772 see
994 3716 1056 3771 reis.
1070 3730 1107 3772 οη

56 3787 451 3856 BoaaDeadtngatclodius.
488 3788 572 3853 deos.
595 3792 665 3847 Mur.
679 3792 704 3845 2.
717 3791 755 3848 27.
