2678 4260
153 257 217 328 584
415 272 487 324 rao
510 274 541 324 r.
567 273 687 324 Anum
711 273 854 324 nrroun
877 272 1026 325 oanrro.

206 449 316 528 Quem
331 447 438 531 pridie
464 447 544 511 hora
567 448 666 510 tertia
689 449 833 510 animam
857 446 1025 512 efflantem
1049 442 1251 532 reliquisset,

152 570 181 614 aa
203 574 279 618 enm
326 559 496 616 mortuum
543 550 703 635 postridie
743 551 823 615 hora
861 550 988 614 decima
1035 550 1183 634 denique
1222 551 1251 615 ei

151 662 192 724 49
207 656 449 732 nuntiabatur?
494 672 572 717 xix.
619 655 705 741 Age,
723 657 767 719 sit
791 656 837 719 ita
860 654 1006 731 factum3
1031 676 1118 738 quae
1143 676 1250 731 causa,

204 783 264 825 our
289 761 428 825 Romam
456 766 658 843 properaret,
688 781 747 822 cur
774 760 809 822 in
840 767 973 823 noctem
999 780 1034 823 se
1058 758 1249 824 coniceret?

154 921 156 926 .
207 865 338 950 Ecquid
351 863 512 928 afferebat
523 862 759 939 festinationis,
774 863 865 947 quod
877 863 1073 928 hereserat?
1101 863 1251 927 Primum

206 977 278 1034 erat
307 969 401 1044 nihil,
431 990 491 1032 cnr
513 975 689 1052 properato
721 989 804 1052 opus
828 976 936 1042 esset;
961 966 1093 1043 deinde,
1117 969 1147 1032 si
1172 965 1250 1052 quid

164 1091 180 1137 ⁵
202 1081 298 1149 esset,
317 1072 400 1157 quid
424 1072 559 1137 tandem
576 1079 656 1148 erat,
675 1072 766 1157 quod
782 1094 821 1136 ea
837 1081 934 1137 nocte
951 1072 1113 1156 consequi
1130 1080 1248 1156 posset,

205 1179 374 1242 amitteret
399 1184 522 1251 autern,
548 1177 577 1240 si
601 1175 760 1260 postridie
788 1177 927 1241 Romam
950 1196 1047 1239 mane
1080 1175 1250 1239 venisset?

201 1282 316 1366 Atque
341 1288 381 1345 ut
403 1281 453 1344 illi
478 1288 663 1344 nocturnus
688 1280 731 1344 ad
754 1280 870 1345 urbem
900 1280 1066 1345 adventus
1091 1279 1248 1344 vitandus

203 1388 314 1472 potius
332 1407 433 1470 quam
449 1385 658 1470 expetendus
676 1383 752 1461 fuit,
770 1387 816 1449 sic
835 1385 966 1461 Miloni,
983 1406 1061 1488 cum
1076 1383 1250 1449 insidiator

164 1509 180 1553 9
201 1497 298 1567 esset,
310 1491 339 1555 si
363 1491 460 1553 illum
475 1489 519 1552 ad
534 1489 651 1553 urbem
667 1496 765 1553 nocte
789 1510 1001 1553 accessurum
1023 1489 1162 1566 sciebat,
1178 1487 1250 1553 sub

151 1594 378 1660 residendum
395 1602 496 1678 atque
514 1592 778 1677 exspectandum
803 1592 880 1658 fuit.
929 1593 1036 1658 Nemo
1059 1595 1089 1658 ei
1114 1593 1248 1680 neganti

203 1721 269 1763 non
294 1698 499 1776 credidisset,
526 1720 627 1783 quem
654 1720 725 1763 esse
751 1720 866 1763 omnes
893 1699 1026 1762 salvum
1053 1699 1156 1762 etiam
1179 1720 1250 1763 con·

202 1804 354 1869 fitentem
370 1803 500 1867 volunt.
548 1802 775 1867 Sustinuisset
797 1803 860 1867 hoc
877 1803 1003 1867 crimen
1018 1802 1167 1886 primum
1181 1803 1248 1887 ipse

203 1908 259 1972 ille
282 1909 451 1971 latronum
472 1907 660 1971 occultator
681 1914 716 1970 et
738 1914 890 1992 receptor
915 1909 1018 1983 locus,
1042 1927 1120 1971 oum
1143 1929 1248 1992 neque

202 2018 295 2074 muta
322 2009 469 2074 solitudo
491 2009 672 2075 indicasset
700 2033 808 2095 neque
836 2033 935 2076 caeca
957 2033 1024 2075 nox
1047 2012 1249 2076 ostendisset

150 2131 178 2176 15
201 2114 382 2188 Milonem;
407 2113 528 2177 deinde
546 2114 590 2178 ibi
607 2115 704 2177 multi
721 2115 762 2179 ab
780 2116 837 2178 illo
856 2116 982 2192 violati,
997 2117 1143 2200 spoliati,
1156 2116 1247 2181 bonis

202 2219 345 2302 expulsi,
377 2218 476 2281 multi
506 2218 587 2282 haec
620 2219 721 2282 etiam
755 2220 911 2285 timentes
951 2222 985 2283 in
1024 2221 1249 2305 suspicionem

150 2321 369 2398 arescerent,
396 2329 467 2386 tota
499 2321 644 2406 denique
677 2344 732 2386 rea
764 2325 925 2389 citaretur
949 2325 1095 2388 Etruria.
1143 2324 1249 2410 Atqui

201 2427 260 2497 illo
277 2425 329 2490 die
347 2434 437 2490 certe
456 2427 571 2489 Aricia
594 2424 725 2490 rediens
750 2427 897 2493 devertit
922 2428 1061 2493 Clodius
1086 2428 1129 2493 ad
1153 2429 1250 2494 Alba·

202 2552 292 2594 num.
339 2528 440 2608 Quod
466 2537 505 2593 ut
532 2531 632 2594 sciret
658 2529 751 2607 Milo,
776 2533 874 2595 illum
901 2533 1035 2597 Ariciae
1061 2532 1177 2609 fuisse,
1200 2553 1250 2598 su·

148 2649 179 2695 ao
200 2634 320 2719 spicari
336 2641 448 2697 tamen
459 2633 577 2698 debuit
590 2655 676 2710 eum,
688 2635 818 2700 etiamsi
832 2636 972 2700 Romam
988 2637 1047 2700 illo
1060 2635 1115 2701 die
1128 2635 1249 2703 reverti

204 2738 319 2814 vellet,
336 2736 379 2800 ad
394 2737 511 2802 villam
526 2758 630 2813 suam,
644 2759 731 2822 quae
743 2740 832 2804 viam
842 2747 1007 2827 tangeret,
1021 2740 1248 2806 deversurum.

231 2970 296 3029 549.
322 2971 404 3019 1-10.
430 2970 512 3032 Age:
530 2986 572 3020 see
591 2986 626 3021 on
645 2972 711 3022 Sull.
741 2973 785 3022 ‘ln
804 2976 850 3023 the
870 2976 927 3025 first
947 2976 1021 3038 place
1033 2977 1081 3025 the
1093 2981 1156 3039 spot
1169 2975 1248 3038 itsclf,

201 3047 281 3098 721.
316 3048 502 3097 sitfactum:
520 3049 563 3097 lor
579 3050 658 3097 mood
677 3050 711 3098 cf.
737 3051 784 3099 the
806 3057 906 3101 retreat
928 3053 981 3101 and
1006 3053 1094 3103 haunt
1117 3053 1146 3103 of
1174 3053 1251 3117 high-

201 3125 315 3186 §meu
345 3123 429 3181 nihil,
439 3126 619 3185 cunnum,
631 3126 711 3187 quod,
737 3140 868 3187 waymen,
893 3127 982 3176 would
1006 3128 1076 3177 have
1097 3129 1183 3178 borne
1205 3128 1250 3178 the

200 3201 268 3251 Sest.
290 3200 356 3248 104.
368 3201 391 3249 3.
438 3204 606 3262 properato
627 3214 713 3263 opus,
737 3202 853 3264 charga’
900 3204 958 3251 The
978 3204 1092 3265 vicinity
1115 3204 1144 3252 ot
1169 3204 1250 3255 Rome

202 3274 294 3326 ‘there
307 3290 359 3325 was
373 3276 440 3324 need
454 3278 482 3324 of
495 3277 598 3326 haste:’
613 3278 656 3327 for
668 3279 714 3327 the
739 3292 791 3326 was
801 3279 916 3328 infested
925 3280 991 3328 with
1000 3280 1171 3330 cut-throats.
1199 3291 1250 3328 res

201 3353 340 3414 participle
360 3367 403 3401 see
423 3354 455 3400 Α.
476 3353 523 3402 243
542 3368 564 3412 e,
585 3361 661 3414 note;
679 3354 711 3403 G.
737 3389 742 3401 .
760 3390 765 3400 .
783 3389 788 3401 .
806 3353 936 3413 Etruria,
959 3354 1008 3404 ‘all
1033 3356 1142 3404 Etruria
1163 3355 1250 3407 would

200 3428 248 3478 390
264 3428 297 3477 ad
319 3428 377 3488 fin.;
399 3429 434 3475 Η.
454 3429 585 3488 414,1V.‚
606 3435 669 3478 note
686 3431 713 3490 33
737 3431 807 3480 have
819 3431 887 3479 been
903 3437 952 3493 put
971 3446 1006 3480 on
1025 3431 1107 3490 trial,'
1123 3433 1179 3492 i.e.,
1193 3431 1251 3482 Clo-

202 3500 234 3551 B.
243 3500 318 3551 2182
329 3515 349 3550 c.
384 3513 453 3549 cum
463 3501 628 3560 insidiator,
638 3504 713 3557 iron-
737 3507 805 3554 (lius’
820 3521 902 3568 many
913 3509 1031 3557 enemiea
1044 3508 1072 3555 iu
1084 3508 1195 3558 Etruria
1204 3507 1248 3570 (cl.

203 3574 273 3628 ical:
291 3577 324 3626 cf.
338 3575 349 3636 t
361 3577 433 3639 36.1,
446 3577 469 3625 2.
494 3578 711 3628 subsidendum
736 3580 800 3637 §26.
816 3584 908 3644 36-395
923 3584 1011 3633 would
1029 3584 1099 3633 have
1115 3584 1185 3634 been
1196 3597 1251 3634 sus·

205 3692 210 3704 .
229 3692 235 3704 .
254 3692 259 3704 .
275 3652 337 3708 tuit.
354 3650 457 3716 ‘ought
469 3656 498 3703 to
507 3650 581 3704 have
590 3651 648 3703 lain
657 3654 711 3705 low
736 3659 829 3719 pected
848 3660 938 3709 before
951 3660 1025 3709 Milo.

202 3726 394 3778 arnlwaited.'
769 3735 840 3794 §tl
860 3735 906 3784 19.
935 3739 970 3784 ut
997 3736 1108 3787 sciret:
1137 3737 1182 3787 for
1205 3736 1249 3786 the

233 3812 293 3876 550.
308 3811 408 3859 12-17.
421 3809 640 3869 sustinuisset,
650 3817 711 3872 etc,
736 3811 860 3873 clamat
880 3813 919 3862 46.
935 3814 972 3863 15.
