2678 4260
158 241 223 314 li4
456 338 459 343 Ι
495 254 568 310 mo
591 253 621 310 Ρ.
646 252 773 310 susno
796 252 943 310 cunno.

159 443 187 489 10
210 453 278 506 vos,
303 429 546 506 adulescentes,
574 439 676 515 atque
704 431 766 494 hoc
794 453 867 495 meo
895 432 966 495 iure
997 429 1174 515 praecipi0‚
1199 427 1261 516 qui
1295 503 1298 508 ,

211 535 422 621 dignitatem,
449 536 508 619 qui
531 557 599 599 rem
628 535 806 618 publicam,
836 535 894 618 qui
922 535 1063 620 gloriam
1086 536 1260 618 spectatio,

212 661 265 716 ne,
281 640 310 704 si
327 661 412 723 quae
429 661 489 705 vos
513 639 695 724 aliquando
721 641 902 704 necessitas
927 639 969 703 ad
995 662 1063 704 rem
1087 639 1260 726 publicam

213 754 328 808 contra
351 743 517 827 improbos
541 744 624 808 civis
650 742 896 808 defendendam
919 743 1060 819 vocabit,
1086 744 1259 829 segniores

212 848 286 912 sitis
317 855 352 911 et
382 847 609 911 recordatione
642 849 707 912 mei
738 869 835 912 casus
865 869 885 910 a
925 849 1073 912 consiliis
1112 847 1258 912 fortibus

158 957 198 1018 52
212 950 398 1036 refugietis
445 951 596 1014 Primum
625 972 690 1015 non
718 958 770 1016 est
796 951 992 1035 periculum,
1018 973 1060 1014 ne
1087 951 1164 1036 quis
1188 972 1261 1014 um·

159 1072 310 1140 requam
335 1053 464 1118 incidat
479 1055 514 1117 in
531 1055 602 1118 eius
626 1054 716 1118 modi
741 1056 905 1130 consules,
930 1055 1125 1139 praesertim
1140 1055 1168 1118 si
1193 1061 1260 1119 ent

210 1159 251 1222 iis
282 1157 326 1234 id,
352 1158 445 1242 quod
470 1157 620 1233 debetur,
647 1159 868 1242 persolutum.
915 1158 1047 1223 Deinde
1071 1178 1258 1241 numquam

210 1264 286 1338 iam,
310 1269 350 1325 ut
373 1283 478 1346 spero,
504 1263 684 1345 quisquam
714 1262 885 1346 improbus
909 1263 1047 1326 consilio
1071 1268 1106 1326 et
1129 1261 1258 1325 auxilio

210 1364 374 1429 bonorum
405 1386 440 1428 se
472 1386 666 1450 oppugnare
699 1387 767 1430 rem
799 1365 967 1450 publicam
999 1365 1089 1430 dicet
1119 1365 1187 1429 illis
1211 1372 1259 1429 ta-

157 1484 187 1530 20
209 1467 363 1533 centibus
397 1490 457 1533 nec
490 1470 607 1532 armati
638 1471 806 1533 exercitus
838 1477 998 1534 terrorem
1029 1475 1177 1554 opponet
1209 1476 1259 1533 to·

210 1573 319 1659 gatis3
344 1593 454 1656 neque
480 1573 544 1637 erit
560 1574 649 1636 iusta
672 1595 773 1637 causa
796 1573 838 1636 ad
863 1581 975 1657 portas
998 1573 1130 1639 sedenti
1154 1574 1259 1657 impe·

210 1677 321 1751 ratori,
348 1696 450 1759 quare
483 1697 584 1739 suum
614 1684 774 1742 terrorem
802 1676 887 1741 falso
917 1678 1033 1741 iactari
1064 1677 1257 1760 opponique

209 1780 367 1864 patiatur.
414 1779 608 1864 Numquam
632 1779 777 1864 denique
809 1783 873 1844 erit
900 1787 968 1844 tam
1000 1801 1178 1865 oppressus
1209 1801 1260 1845 se·

210 1890 319 1958 natue,
351 1890 390 1946 ut
420 1884 449 1946 ei
483 1904 525 1947 ne
556 1883 768 1968 supplicandi
804 1883 941 1968 quidem
972 1905 1010 1948 ac
1041 1883 1181 1969 lugendi
1212 1885 1259 1948 sit

156 2000 185 2045 25
209 1994 368 2071 potestas
385 1994 454 2050 tam'
470 1995 588 2071 captus
613 1995 770 2071 equester
785 1987 875 2063 ordo,
893 1995 933 2052 ut
956 1989 1087 2072 equites
1112 1988 1257 2051 Romani

209 2112 229 2154 a
254 2091 391 2155 consule
416 2091 618 2177 relegentur.
666 2091 761 2171 Quae
786 2114 861 2156 oum
890 2093 1000 2156 omnia
1027 2099 1129 2176 atque
1154 2092 1258 2155 etiam

209 2194 317 2258 multo
333 2194 540 2269 aliamaiora
558 2216 644 2278 quae
668 2196 824 2259 consulto
847 2203 1027 2279 praetereo,
1044 2194 1257 2271 accidissent,

210 2296 333 2361 videtis
349 2319 401 2361 me
419 2305 532 2362 tamen
549 2299 583 2360 in
608 2320 715 2362 meam
738 2299 914 2381 pristinam
938 2299 1139 2384 dignitatem
1162 2297 1258 2363 brevi

210 2407 358 2485 tempore
382 2401 506 2465 doloris
531 2403 707 2467 interiecto
738 2403 786 2466 rei
816 2402 970 2486 publicae
1002 2424 1083 2467 voce
1114 2423 1187 2466 esse
1211 2423 1260 2467 re-

157 2519 186 2564 30
208 2512 375 2569 vocatum.

157 2594 197 2673 53
255 2624 360 2670 XXIV.
386 2607 452 2673 Sed
475 2616 514 2673 ut
538 2617 686 2674 revertar
709 2608 751 2672 ad
775 2609 872 2685 illud,
898 2609 990 2694 quod
1014 2609 1095 2673 mihi
1126 2609 1162 2672 in
1196 2608 1258 2695 hac

210 2711 299 2775 omni
316 2719 367 2775 est
390 2714 538 2778 oratione
563 2714 780 2798 propositum,
805 2714 959 2778 omnibus
983 2714 1078 2778 malis
1095 2714 1153 2778 illo
1169 2735 1258 2778 anno

209 2814 332 2879 scelere
360 2818 537 2880 consulum
567 2840 636 2891 rem
668 2818 834 2902 publicam
867 2840 939 2882 esse
970 2817 1166 2893 confectam,
1197 2818 1259 2902 pri-

239 2961 285 3009 10.
305 2973 375 3011 meo
390 2962 463 3019 iure,
485 2963 598 3012 because
616 2965 650 3012 he
667 2963 721 3012 had
776 2963 879 3014 Return
893 2965 963 3014 after
972 2966 1019 3014 the
1031 2964 1136 3014 Second
1150 2963 1259 3028 Digres-

207 3038 383 3099 experienced
403 3039 430 3087 in
450 3054 548 3101 person
571 3040 618 3089 the
641 3042 722 3102 grati·
744 3041 803 3090 sion
818 3041 860 3103 (ἐξ
872 3040 963 3104 36-52)
978 3046 1006 3089 to
1023 3042 1070 3090 the
1088 3041 1258 3103 interrupted

208 3113 272 3162 tude
284 3113 314 3162 oi
330 3115 376 3162 the
389 3115 493 3164 nation.
744 3118 815 3167 First
842 3119 999 3180 Digression
1022 3132 1057 3167 on
1083 3117 1157 3166 ‘The
1185 3118 1259 3167 Year

240 3190 306 3251 §52
335 3190 437 3239 15-20.
461 3192 642 3254 periculum,
668 3205 722 3243 ne:
743 3194 793 3243 58)
821 3193 860 3256 (d)
873 3194 990 3243 Further
1003 3193 1258 3244 Unconstitutional

208 3281 252 3315 see
263 3280 299 3315 on
316 3265 381 3316 Sull.
396 3267 443 3316 39.
458 3269 497 3318 41.
533 3269 579 3326 iis,
592 3270 656 3318 Piso
667 3270 721 3318 aud
745 3271 811 3319 Acts
823 3271 852 3318 of
869 3269 988 3330 Clodius,
1003 3271 1033 3332 ἐξ
1045 3270 1132 3322 53-Ἰο.

209 3342 354 3391 Gabinius:
378 3344 421 3392 bis
440 3344 529 3394 would
549 3346 618 3394 have
630 3351 722 3394 meant
777 3347 790 3407 5
807 3345 912 3394 531-3.
925 3349 960 3394 ut
977 3381 983 3394 .
1001 3382 1006 3394 .
1024 3381 1030 3394 .
1047 3349 1202 3395 revertar:
1213 3360 1258 3396 ex·

208 3419 255 3467 the
275 3419 381 3467 consuls
401 3420 445 3468 for
463 3421 502 3482 56,
517 3421 648 3471 Lentulus
668 3423 721 3470 aud
744 3420 818 3482 plain
828 3422 874 3470 the
886 3421 983 3470 clause.
1007 3420 1095 3478 illud,
1105 3421 1211 3471 defined
1222 3422 1258 3484 by

209 3493 359 3556 Philippus
401 3495 441 3552 id,
468 3497 553 3558 quod
582 3497 721 3555 debetur,
745 3496 791 3546 the
803 3497 892 3546 clause
904 3498 1027 3547 omnibus
1040 3534 1046 3547 .
1061 3535 1068 3547 .
1082 3534 1089 3547 .
1105 3497 1259 3558 confectam

210 3570 425 3621 ‘theirdeserts’
460 3585 519 3621 nec
532 3574 650 3630 armati,
659 3580 719 3634 etc,
744 3574 837 3623 below.
873 3574 1029 3623 oratione:
1047 3589 1092 3624 see
1104 3589 1139 3624 on
1152 3576 1165 3636 5
1179 3573 1218 3624 14.
1232 3575 1256 3625 9.

211 3643 277 3693 ‘nor
298 3648 397 3708 parade
420 3648 466 3696 the
495 3649 615 3712 bugbear
635 3650 664 3698 of
686 3664 721 3698 an
744 3648 1259 3700 malis...scelere:noticethethree

209 3721 301 3771 armed
319 3736 395 3786 army
413 3724 505 3773 before
523 3725 646 3786 peaceful
665 3726 723 3774 citi·
744 3739 805 3774 uses
817 3726 846 3774 of
863 3727 910 3775 the
928 3725 1055 3787 ablativa,
1068 3727 1126 3776 side
1144 3727 1178 3788 by
1189 3726 1256 3777 side.

212 3797 296 3848 zeus)
743 3801 891 3864 primum:
909 3815 953 3851 see
965 3815 1001 3850 on
1013 3800 1080 3851 sull.
1094 3800 1140 3850 6³.
1152 3802 1191 3855 12.
