2678 4260
168 243 232 309 334
514 258 586 310 ruo
608 259 639 310 r.
663 258 785 311 sumn
807 256 955 310 oaurro.

219 440 318 497 tunas
349 433 501 497 amittere
532 440 668 497 coactus
699 439 753 497 est
782 439 817 496 et
846 432 881 495 iu
911 430 1061 498 adversis
1092 432 1165 497 sine
1196 431 1269 498 ullo

218 535 364 601 remedio
387 543 488 618 atquc
512 535 744 601 adlevamento
767 533 968 620 permanere.

168 638 208 700 67
264 657 368 704 xxxv.
402 639 467 703 Hic
493 648 529 703 tu
554 627 734 725 epistulam
759 663 866 705 meam
890 662 986 726 saepe
1012 643 1142 718 recitas
1165 663 1268 726 quam

219 767 281 832 ego
297 745 339 809 ad
353 744 415 809 Cu.
433 744 634 830 Pompeium
646 745 686 810 de
704 747 785 809 uicis
798 745 895 809 rebus
911 746 1015 831 gestis
1030 745 1120 810 etde
1136 766 1268 810 summa

220 872 253 915 re
277 850 412 935 publica
435 850 520 926 misi,
538 857 573 916 et
595 872 637 916 ex
660 871 699 914 ea
721 850 846 914 crimen
870 849 1007 933 aliquod
1032 851 1065 912 in
1082 850 1120 913 P.
1138 847 1268 914 Sullam

174 1011 176 1014 Α
221 957 353 1040 quaeris
378 964 422 1031 et,
450 956 479 1020 si
502 953 650 1020 furorem
677 953 905 1019 incredibilem
932 953 1066 1018 biennio
1087 961 1166 1019 aute
1193 976 1269 1019 cou-

181 1072 355 1146 seeptum
395 1062 544 1146 erupisse
581 1060 616 1124 in
647 1082 719 1125 meo
755 1058 932 1124 consulatu
962 1059 1090 1143 scripsi,
1122 1081 1174 1124 me
1205 1059 1267 1123 hoc

221 1164 466 1231 demonstrasse
499 1166 592 1242 dicis,
625 1165 754 1229 Sullam
785 1166 818 1227 iu
858 1164 916 1226 illa
954 1163 1058 1228 fuisse
1097 1164 1266 1249 superiore
1324 1240 1328 1249 .

219 1271 457 1335 coniuratione.
503 1269 640 1335 Scilicet
662 1291 725 1356 ego
748 1270 775 1333 is
799 1291 884 1344 sum,
909 1269 969 1353 qui
991 1269 1181 1333 existimem
1204 1267 1266 1332 Cn.

220 1375 378 1439 Pisonem
406 1385 441 1439 et
470 1375 652 1439 Catilinam
674 1383 709 1439 et
735 1374 982 1460 Vargunteium
1005 1381 1040 1438 et
1060 1373 1265 1437 Autronium

220 1479 305 1541 nihil
335 1479 504 1554 scelerate,
537 1479 621 1542 nihil
648 1478 806 1543 audacter
832 1480 919 1562 ipsos
947 1500 1005 1562 per
1027 1500 1099 1543 sese
1126 1479 1199 1542 sine
1227 1477 1266 1541 Ρ.

169 1587 209 1648 68
226 1583 322 1646 Sulla
346 1584 453 1648 facere
478 1585 636 1668 potuisse.
684 1583 734 1648 De
758 1605 826 1668 quo
842 1584 971 1646 etiamsi
987 1583 1064 1667 quis
1080 1581 1267 1647 dubitasset

170 1703 198 1746 11
220 1697 329 1761 antea,
360 1709 402 1751 an
434 1688 479 1762 id,
511 1688 602 1772 quod
636 1696 675 1752 tu
711 1688 834 1774 arguis,
866 1688 1057 1772 cogitasset,
1091 1685 1267 1752 interiecto

222 1800 314 1874 patre
344 1801 403 1855 tuo
428 1793 546 1856 ecusul
575 1792 774 1856 descendere
803 1791 962 1856 Kalendis
994 1791 1160 1860 Ianuariis
1191 1813 1266 1856 oum

223 1895 405 1971 lictoribus
438 1897 607 1960 sustulisti
643 1896 727 1960 hane
765 1897 998 1980 suspicionem,
1035 1917 1112 1960 cum
1151 1895 1267 1959 dixisti

222 2000 321 2074 hune,
348 2007 387 2063 ut
412 1999 593 2063 Catilinam
618 2001 792 2064 consulem
816 1999 971 2075 efficeret,
997 2008 1113 2064 contra
1138 2007 1266 2084 patrem

171 2119 199 2164 15
222 2113 318 2166 tuum
344 2125 459 2188 operas
481 2112 516 2168 et
540 2125 676 2167 manum
702 2125 917 2188 comparasse.
964 2102 1065 2183 Quod
1081 2105 1109 2168 si
1126 2103 1188 2168 tibi
1204 2125 1269 2190 ego

221 2208 390 2283 confitear,
410 2216 447 2272 tu
465 2209 546 2271 mihi
562 2208 724 2272 concedas
747 2230 879 2273 necesse
903 2216 955 2272 est
970 2209 1069 2284 hunc,
1087 2229 1164 2272 cum
1180 2208 1267 2272 Cati-

221 2313 309 2376 linae
336 2311 587 2398 suffragaretur,
614 2312 697 2375 nihil
725 2312 765 2377 de
793 2334 854 2377 suo
880 2300 1068 2388 consulatu,
1094 2334 1196 2397 quem
1220 2313 1267 2376 iu-

252 2505 316 2565 §6'i.
335 2505 361 2552 1.
379 2505 603 2566 epistulam
624 2517 731 2553 meam.
753 2506 869 2567 spentin
882 2505 1151 2568 maturingtheplot.
1179 2505 1266 2567 ipsos

221 2583 291 2632 Soon
304 2582 375 2630 aiter
384 2583 430 2631 the
439 2583 620 2631 executionoi
634 2581 732 2630 Lentu·
753 2596 807 2643 per
824 2595 909 2632 sese:
927 2580 988 2637 cii
1007 2584 1046 2633 57.
1066 2584 1105 2632 20.
1168 2577 1170 2580 ⁴

222 2657 271 2715 ius,
291 2657 385 2707 Cicero
404 2659 457 2706 had
477 2659 582 2706 written
606 2664 634 2705 to
655 2658 733 2705 Pour-
785 2656 848 2713 tos.
868 2657 969 2706 11-16.
986 2670 1032 2714 an,
1042 2657 1106 2706 used
1117 2657 1229 2706 tornum
1239 2656 1265 2705 in

221 2736 296 2796 peius
308 2748 324 2782 a
336 2734 413 2783 letter
424 2735 431 2758 ‘
441 2735 474 2783 de
483 2735 560 2783 rebus
569 2736 626 2783 suis
636 2736 663 2782 iu
673 2749 734 2783 con-
756 2731 1266 2796 imiirectquestionsivithdubitahaud

163 2800 170 2812 ’
221 2811 314 2860 surum
331 2811 433 2871 cestia’
454 2811 499 2860 the
518 2816 581 2861 tone
598 2812 627 2860 oi
646 2811 733 2858 which
755 2811 881 2868 scic,aml
893 2812 990 2859 nescio.
1007 2813 1095 2870 patre
1105 2812 1175 2858 tuo:
1189 2822 1214 2871 p.
1226 2809 1264 2867 23,

222 2902 282 2948 may
295 2889 328 2936 he
340 2888 512 2949 conjectured
526 2888 596 2935 from
610 2887 662 2936 lll.
678 2889 691 2948 ᾗ
704 2889 734 2935 26
755 2886 767 2943 ξ
779 2888 811 2936 30
819 2887 852 2935 au
864 2887 908 2936 tin.
938 2885 1050 2935 consul
1060 2884 1265 2934 descendere:

221 2965 252 3022 13
266 2964 313 3014 IV.
328 2961 453 3020 §tto-22.
489 2964 547 3012 The
566 2964 643 3012 letter
661 2965 682 3012 is
700 2977 735 3014 no
756 2958 848 3023 astho
866 2961 913 3010 ini.
928 2962 950 3009 is
967 2960 1206 3022 eomplernentary,
1220 2960 1265 3008 the

221 3040 315 3102 longer
334 3046 437 3100 extant,
459 3040 506 3088 but
526 3041 596 3088 from
617 3039 734 3089 Cicerc's
757 3051 829 3085 noun
839 3035 958 3098 (consui)
971 3037 1046 3084 takes
1054 3037 1101 3084 the
1112 3048 1173 3084 ease
1182 3035 1212 3084 oi
1221 3035 1266 3084 the

139 3181 140 3184 Ἴ
222 3116 307 3175 words
316 3117 379 3165 here
387 3117 407 3165 it
417 3117 438 3165 is
447 3116 556 3164 evident
566 3117 626 3165 that
635 3116 734 3166 Suiia's
764 3113 867 3174 subject
877 3113 906 3160 oi
919 3114 965 3161 the
978 3113 1051 3160 main
1063 3111 1125 3161 verb
1137 3111 1266 3172 (cecitas-

222 3207 301 3242 name
314 3207 367 3242 was
385 3199 433 3242 not
450 3193 615 3252 mentioned,
629 3193 733 3255 though
755 3192 817 3244 sett.
853 3187 1058 3237 descendere:
1070 3202 1106 3237 se.
1120 3190 1149 3237 in
1159 3187 1264 3247 foruna,

222 3271 298 3318 there
312 3283 379 3319 were
392 3269 522 3319 allusions
537 3276 565 3319 to
576 3270 642 3319 him.
757 3267 810 3326 i.e.,
829 3265 911 3326 Sulla,
931 3272 979 3315 not
996 3266 1158 3327 'torquatus
1177 3263 1265 3314 would

254 3345 315 3394 4-9.
339 3347 381 3394 si:
406 3347 449 3396 for
467 3347 594 3407 meaning
612 3347 674 3394 here
692 3360 735 3394 see
756 3343 887 3404 complete
900 3343 946 3391 the
962 3343 1126 3392 ceremonies
1144 3342 1173 3390 oi
1191 3343 1267 3390 inau-

222 3436 257 3471 0n
283 3422 336 3471 lli.
353 3422 379 3470 1.
396 3424 419 3472 8.
454 3423 594 3484 erupisse
613 3422 645 3469 in
665 3418 893 3485 me'oguration:
914 3433 958 3468 see
976 3434 1010 3468 on
1031 3418 1043 3475 ξ
1061 3420 1100 3468 65.
1117 3419 1147 3467 10
1167 3417 1201 3467 ad
1220 3417 1263 3467 flu.

223 3498 403 3547 consulatu:
423 3500 465 3547 ior
478 3500 524 3547 the
537 3499 654 3560 thought
673 3499 733 3547 read
756 3508 875 3557 operas,
910 3495 1079 3557 ‘hircinus'
1115 3496 1144 3543 in
1178 3492 1265 3557 plural

224 3573 245 3621 1.
257 3571 302 3620 31.
313 3575 366 3633 1-5,
378 3573 430 3621 and
444 3575 513 3621 Mur.
525 3572 656 3631 81.·t-1o;
669 3574 734 3621 both
755 3573 826 3634 only.
863 3571 1008 3631 Quodsi:
1026 3573 1069 3620 ior
1080 3586 1140 3620 ease
1152 3571 1182 3620 oi
1193 3569 1265 3632 qaod

223 3663 347 3711 passages
359 3650 419 3711 give
431 3663 446 3697 a
457 3650 585 3699 different
598 3657 735 3698 construc-
755 3650 789 3698 ci.
806 3649 842 3696 ΙΙ.
854 3648 898 3696 12.
911 3650 933 3697 2.
969 3646 1127 3697 concedas
1136 3657 1265 3696 necem

223 3724 281 3773 tion
299 3725 342 3773 ior
359 3738 506 3785 arsinoae,
520 3724 574 3772 and
592 3725 638 3772 the
656 3723 734 3772 latter
755 3727 816 3773 est:
829 3725 871 3774 for
882 3725 1011 3773 omission
1023 3725 1052 3772 oi
1065 3726 1094 3773 ut
1104 3723 1139 3773 ci.
1150 3723 1162 3781 t
1172 3723 1211 3772 46.
1224 3722 1265 3780 18;

223 3801 297 3863 gives
321 3815 398 3860 ⁴more
423 3801 574 3864 accur-ately
598 3801 644 3850 the
669 3802 733 3850 time
758 3801 805 3852 IV.
820 3800 865 3849 13.
877 3801 1004 3863 58;Mur.
1022 3799 1119 3862 §aaa
1138 3798 1206 3851 11.,5
1215 3799 1252 3848 12.
