2678 4260
413 270 493 329 one.
520 273 608 341 aare,
632 272 646 342 t
667 274 755 328 lant.
873 317 876 321 .
1082 258 1160 333 ·183

57 439 171 510 forum
202 455 238 512 et
267 449 301 511 in
333 470 486 533 campum
519 450 640 514 deduci
664 451 762 526 volo;
795 473 861 515 non
892 453 1005 536 placet
1028 453 1108 516 mihi

59 552 236 635 inquisitio
263 552 434 616 candidati
462 557 663 638 praenuntia
687 556 848 639 repulsae,
873 578 939 619 uon
972 559 1106 620 testium

59 657 173 739 potius
208 678 309 741 quam
345 655 606 744 suffragatorum
646 661 858 744 comparati0,
894 682 960 723 non
999 663 1106 726 minae

60 761 167 846 magis
193 782 295 845 quam
320 761 514 838 blanditiae,
540 784 607 825 non
633 763 847 827 denuntiatio
871 766 982 848 potius
1007 788 1107 848 quam
1132 784 1159 825 rs

60 865 287 947 persalutatio,
303 867 499 949 praesertim
522 888 597 930 curn
616 868 681 930 ianr
706 867 767 932 hcc
784 889 871 931 novo
888 889 976 933 more
994 891 1106 933 omnes

58 968 128 1033 fere
154 968 270 1034 domos
295 971 443 1033 omniurn
470 979 671 1035 concursent
687 978 779 1035 etex
796 972 896 1036 vultu
918 972 1108 1037 candidato-

57 1094 133 1135 rum
160 1075 385 1138 coniecturam
412 1073 549 1151 faciant,
577 1082 742 1159 quantum
770 1069 915 1159 quisque
944 1078 1046 1140 animi
1073 1088 1107 1142 et

57 1175 231 1242 facultatis
246 1177 366 1242 habere
384 1177 548 1243 videatur.
597 1177 760 1242 ‘Videsne
782 1187 820 1242 tu
844 1180 939 1242 illum
964 1182 1107 1255 tristem,
1119 1185 1157 1247 45

57 1279 267 1345 demissum?
296 1283 392 1358 iacet,
417 1281 550 1358 diffidit,
575 1282 697 1347 abiecit
727 1282 859 1346 hastas?
910 1284 1021 1368 Serpit
1052 1285 1105 1348 hic
1130 1302 1158 1344 an

57 1405 180 1447 rumor.
228 1385 318 1450 ‘Scis
331 1393 369 1450 tu
386 1386 482 1449 illum
500 1387 748 1450 accusationem
764 1389 922 1472 cogitare,
937 1389 1105 1471 inquirere

56 1488 92 1550 in
116 1490 362 1573 competitores,
384 1490 480 1554 testis
506 1491 690 1574 quaerere?
739 1491 855 1553 Alium
882 1491 1011 1566 faciam,
1029 1514 1106 1576 quo·

57 1592 148 1655 niam
172 1593 234 1657 sibi
259 1594 312 1658 hic
337 1595 408 1679 ipse
433 1594 607 1679 desperat!
655 1595 737 1658 Eius
765 1595 852 1657 modi
870 1594 910 1658 de
928 1595 1105 1660 candidato

56 1718 188 1762 rumore
219 1699 317 1763 amici
355 1699 465 1763 intimi
495 1698 725 1774 debilitantur,
757 1698 870 1762 studia
908 1698 1104 1783 deponunt3

55 1810 117 1865 aut
138 1803 253 1866 statim
277 1823 347 1866 rem
369 1802 520 1868 abiciunt
546 1811 605 1867 aut
632 1824 726 1867 suam
752 1823 884 1887 operam
909 1812 943 1867 et
965 1806 1106 1889 gratiam
1130 1821 1158 1865 aa

56 1904 181 1970 iudicio
198 1915 233 1971 et
248 1908 451 1971 accusationi
467 1915 648 1972 reservant.
704 1924 797 1969 xxii.
822 1907 965 1971 Accedit
979 1908 1104 1982 eodem,

55 2016 96 2073 ut
118 2010 219 2074 etiam
242 2012 313 2096 ipse
336 2011 534 2076 candidatus
557 2019 665 2075 totum
682 2013 830 2074 animum
847 2019 949 2095 atque
974 2033 1105 2076 omnem

48 2096 180 2190 curam,
212 2136 346 2198 operam
367 2115 643 2202 diligentiamque
669 2137 763 2179 snam
798 2116 832 2177 in
855 2116 1016 2198 petitione
1039 2137 1106 2179 non

55 2218 163 2302 possit
184 2240 317 2303 ponere.
363 2219 574 2303 Adiungitur
590 2220 679 2284 enim
697 2221 918 2283 accusationis
936 2221 1104 2306 cogitatio,

55 2343 122 2386 non
139 2344 243 2407 parva
258 2346 319 2400 res,
335 2323 395 2388 sed
410 2325 567 2387 nimirum
584 2325 733 2387 omnium
750 2324 902 2386 maxima.
944 2322 1106 2410 Magnum
1122 2342 1136 2385 5

54 2435 107 2490 est
142 2428 231 2491 enirn
262 2436 295 2493 te
326 2449 513 2514 comparare
538 2449 584 2503 ea,
616 2427 737 2511 quibus
764 2428 869 2512 possis
897 2427 1104 2493 homineme

55 2530 203 2608 civitate,
231 2534 425 2617 praesertim
452 2553 518 2596 non
549 2533 682 2616 inopem
707 2552 815 2615 neque
847 2531 1024 2607 infirmum,
1052 2555 1106 2597 ex·

56 2634 202 2711 turbare,
226 2637 284 2721 qui
309 2644 345 2701 et
367 2658 427 2722 per
447 2657 483 2701 se
508 2644 543 2700 et
563 2657 622 2720 per
635 2655 712 2699 suos
744 2642 779 2698 et
808 2656 886 2698 vero
917 2636 1018 2699 etiam
1048 2658 1107 2720 per

86 2889 133 2938 23.
150 2889 318 2952 inquisitio,
343 2889 501 2952 ‘searchlng
527 2889 570 2939 ior
590 2889 648 2949 lem,
658 2902 688 2937 or
700 2890 892 2949 nroptstratnm
904 2889 932 2936 in
944 2889 1064 2952 genera13
1077 2891 1104 2940 in

55 2966 154 3028 proci,’
167 2967 272 3029 against
283 2980 300 3016 a
311 2967 479 3028 competitor.
589 2965 644 3014 this
661 2965 758 3026 phrase
767 2964 865 3025 facere
877 2979 971 3015 means
985 2964 1030 3016 ‘to
1043 2972 1104 3017 vote

85 3041 132 3099 25,
144 3041 191 3090 26.
208 3042 417 3092 denuntiatio:
435 3055 470 3091 se.
490 3055 569 3091 areu·
590 3041 650 3090 for!

54 3119 146 3168 actarii.
191 3118 404 3180 permutatio,
433 3117 570 3180 ‘graeting

53 3194 138 3245 onall
151 3195 240 3244 sides!
620 3194 682 3250 1.2.
701 3194 826 3244 accedit
849 3195 968 3252 eodem,
993 3201 1034 3254 ut,
1060 3197 1104 3248 ‘to

84 3270 132 3329 2⁷,
144 3271 190 3320 28
208 3271 359 3321 omnium:
381 3284 416 3321 sc.
437 3271 568 3321 condida·
589 3270 643 3319 this
657 3272 678 3320 is
690 3271 776 3320 added
789 3272 858 3334 that,
872 3273 945 3334 etc.,’
961 3275 1100 3324 ‘besides'

54 3351 150 3398 torum.
173 3347 393 3404 coniecturam,
401 3348 464 3396 asin
474 3347 518 3407 §9-
529 3349 567 3395 21.
589 3348 717 3397 accedere
730 3349 752 3398 is
765 3349 829 3398 used
841 3362 871 3399 as
888 3364 922 3399 an
941 3351 1102 3413 impersonal

84 3426 99 3486 ς
122 3426 162 3474 45.
188 3423 234 3481 29,
261 3423 307 3473 30.
337 3423 567 3480 facultatis,
589 3424 692 3484 passive
704 3425 734 3474 oi
751 3425 832 3475 addo.

56 3499 181 3551 ‘means’
206 3506 236 3550 to
257 3514 350 3551 secure
373 3501 416 3549 his
441 3499 565 3549 electiori.
620 3500 646 3558 6,
659 3501 684 3548 7.
702 3504 733 3549 te
747 3503 768 3549 is
781 3501 929 3563 indefinite,
944 3517 972 3551 as
984 3503 1059 3552 often
1074 3505 1101 3552 in

55 3576 170 3627 abiecit
186 3576 301 3634 hastas,
320 3578 370 3644 ‘lre
393 3577 442 3626 has
461 3578 566 3626 thr-own
589 3578 710 3640 English,
726 3600 751 3624 =
765 3575 796 3626 ‘a
808 3578 890 3628 man.5
926 3579 1030 3640 possis
1049 3593 1101 3628 ex·

55 3653 130 3704 ‹iown
142 3655 186 3704 his
200 3654 344 3717 weapous,'
361 3653 455 3717 ‘giren
468 3666 505 3715 rrp
523 3655 568 3703 tire
587 3653 719 3710 turbare,
732 3667 766 3701 an
779 3653 894 3703 allusion
908 3660 936 3703 to
953 3669 1004 3703 one
1016 3655 1045 3703 of
1056 3657 1103 3704 the

56 3729 136 3792 igin.)
587 3729 718 3791 penalties
729 3729 759 3778 oi
771 3730 816 3777 the
829 3730 871 3780 lea
883 3729 992 3780 Tullio:
1011 3745 1055 3780 see
1066 3744 1103 3781 ou

83 3806 125 3858 ³2.
144 3807 243 3858 alium
264 3805 391 3854 faciam:
414 3820 449 3856 ac.
473 3818 566 3856 eonsu-
586 3803 633 3869 58.
653 3804 677 3857 2.
