2678 4260
195 235 258 302 196
525 249 597 298 rao
620 249 651 299 n.
677 248 836 299 nunnus
859 248 1007 299 orario.

196 437 223 483 15
245 429 298 487 est
323 420 417 485 nobis
441 420 522 485 haec
549 422 654 485 oratio
678 419 830 485 habenda
843 428 903 485 aut
918 423 952 483 in
969 421 1122 505 imperita
1142 422 1295 488 multitu-

245 526 321 590 dine
338 526 447 589 autin
464 525 580 610 aliquo
604 532 774 590 conventu
799 526 992 611 agrestium,
1008 525 1169 590 audacius
1193 526 1294 610 paulo

245 628 286 693 de
309 628 430 692 studiis
453 627 683 704 humanitatis
708 650 796 714 quae
820 637 855 694 et
878 629 956 691 mil-ii
981 637 1017 693 et
1040 627 1133 693 vobis
1157 637 1238 694 nota
1261 637 1294 694 et

246 733 393 797 iucunda
415 740 505 807 sunt,
523 731 711 817 disputabo.
758 734 798 796 In
823 732 870 796 M.
889 732 1026 808 Catone,
1051 733 1189 809 iudices,
1213 735 1293 798 haec

246 837 340 912 bona,
369 857 454 922 quae
484 836 637 901 videmus
665 836 781 903 divina
808 846 842 902 et
868 837 1011 924 egregia,
1027 837 1146 926 *ipsius
1173 839 1292 902 scitote

193 959 223 1004 20
244 965 315 1007 esse
336 943 486 1026 propria-3
512 964 597 1026 quae
622 964 689 1006 non
714 964 898 1027 numquam
924 943 1136 1026 requirimus,
1152 964 1192 1007 ea
1214 951 1294 1008 sunt

245 1048 356 1110 omnia
382 1069 447 1110 non
476 1068 495 1108 a
522 1055 651 1121 natura,
680 1069 797 1112 verum
824 1069 843 1110 a
870 1047 1037 1133 magistro.
1093 1046 1175 1111 Fuit
1205 1049 1293 1112 enim

245 1151 381 1235 quidam
409 1172 540 1213 summo
574 1151 708 1236 ingenio
737 1152 797 1227 vir,
826 1151 926 1227 zeno,
955 1151 1051 1215 euius
1079 1153 1293 1216 inventorum

245 1256 365 1320 aemuli
393 1254 496 1318 Stoici
523 1257 747 1320 nominantur.
806 1256 919 1321 Huius
943 1256 1130 1321 sententiae
1155 1264 1293 1322 suntet

246 1365 422 1444 praecepta
441 1360 513 1422 eius
539 1358 649 1422 modi:
674 1362 859 1445 sapientem
884 1361 992 1447 gratia
1019 1375 1293 1443 numquam'mo-

193 1481 222 1524 25
246 1466 325 1538 veri,
343 1484 527 1547 numquam
543 1464 744 1549 cuiusquam
761 1464 885 1529 delicto
909 1465 1101 1551 ignoscere3
1126 1465 1292 1530 neminem

245 1567 488 1632 misericordem
506 1590 577 1632 esse
594 1570 659 1633 nisi
681 1568 826 1633 stultum
851 1577 885 1633 et
908 1569 1034 1644 levem3
1059 1568 1121 1632 viri
1139 1589 1206 1633 non
1222 1590 1292 1634 esse

246 1694 354 1757 neque
382 1674 511 1736 exorari
536 1695 645 1759 neque
671 1674 813 1758 placari3
847 1673 934 1737 solos
961 1673 1130 1757 sapientes
1154 1693 1238 1749 esse,
1264 1675 1292 1738 si

245 1777 472 1841 distortissimi
502 1779 580 1853 sint,
612 1778 784 1854 formosos,
816 1779 845 1841 si
880 1776 1127 1853 mendicissimi,
1159 1777 1292 1854 divitae,

244 1883 272 1945 si
289 1883 488 1946 servitutem
503 1883 661 1958 serviant,
679 1904 794 1968 reges3
819 1903 879 1946 nos
909 1889 1033 1956 autem,
1050 1881 1111 1966 qui
1125 1882 1293 1966 sapientes
1318 1894 1321 1898 ⁴

193 2001 223 2047 ³0
245 2007 312 2049 non
337 2009 463 2062 sumus,
489 1985 664 2073 fugitivos
690 1987 816 2063 exules,
842 1986 958 2061 hostis,
985 1987 1120 2050 insanos
1143 1986 1292 2073 denique

244 2111 314 2154 esse
331 2088 467 2166 dicunt;
492 2092 603 2154 omnia
625 2098 762 2175 peecata
786 2112 857 2155 esse
883 2091 993 2174 paria3
1017 2111 1114 2154 omne
1131 2089 1292 2155 delictum

243 2194 352 2258 scelus
380 2214 451 2257 esse
474 2192 651 2269 nefarium,
680 2215 741 2258 nee
770 2195 881 2257 minus
906 2192 1101 2277 delinquere
1127 2216 1215 2271 eum,
1232 2196 1292 2279 qui

243 2298 369 2384 gallum
392 2298 627 2384 gallinaceum,
645 2321 722 2363 curn
748 2319 831 2383 opus
857 2319 922 2362 non
948 2296 1062 2374 fuerit,
1078 2319 1180 2383 quam
1203 2320 1291 2376 eum,

244 2403 303 2486 qui
328 2410 456 2486 patrem
479 2401 717 2478 suffocaverit3
742 2404 927 2487 sapientem
954 2402 1038 2465 nihil
1064 2402 1203 2488 opinari,
1220 2405 1294 2468 nul·

192 2521 219 2566 aa
243 2507 307 2569 lius
334 2508 381 2570 rei
408 2508 586 2591 paenitere,
604 2507 697 2570 nulla
722 2508 756 2570 in
782 2529 815 2571 re
838 2506 922 2581 falli,
938 2507 1140 2571 sententiam
1163 2517 1292 2572 mutare

192 2613 231 2676 62
243 2632 437 2696 numquam.
480 2628 571 2673 xxx.
605 2612 697 2676 Haec
711 2611 808 2675 homo
821 2611 1119 2698 ingeniosissimus,
1134 2611 1181 2674 M.
1196 2611 1290 2688 Catu,

243 2715 434 2779 auctoribus
466 2715 700 2780 eruditissimis
729 2715 889 2780 inductus
917 2716 1068 2800 arripuit,
1096 2736 1206 2801 neque
1229 2715 1294 2781 dis·

243 2819 384 2904 putandi
400 2842 509 2896 eausa,
528 2828 567 2884 ut
582 2843 703 2906 magna
719 2842 805 2905 pars,
822 2813 882 2885 sed
905 2821 952 2885 ita
968 2819 1115 2884 vivendi.
1162 2819 1292 2886 Petunt

274 3037 339 3098 §un
353 3036 399 3084 15.
416 3037 603 3098 imperita
617 3037 756 3086 multitu·
807 3037 852 3087 29.
871 3038 1056 3087 servitutem
1077 3037 1225 3095 serviant,
1244 3039 1290 3089 the

242 3112 321 3171 dine,
334 3129 350 3163 a
362 3113 540 3175 cornpliment
553 3120 581 3163 to
593 3115 639 3163 the
652 3116 721 3176 jury.
776 3113 901 3164 socalled
920 3113 1015 3174 ,tiuare
1044 3111 1235 3174 clamoreque,
1259 3127 1290 3164 or

273 3189 374 3246 19,20.
390 3189 481 3246 bona,
518 3202 597 3251 quae
633 3190 756 3239 divina:
776 3191 937 3240 connection
960 3191 989 3237 ot
1012 3202 1087 3237 noun
1108 3189 1161 3238 and
1180 3190 1244 3239 verb
1261 3191 1292 3238 ot

241 3280 285 3314 see
303 3280 338 3316 en
358 3267 371 3327 ξ
390 3267 427 3315 12,
442 3267 528 3316 26-28.
563 3267 755 3328 requirimus.
775 3280 849 3315 same
861 3272 926 3315 root.
963 3266 1022 3314 'Plre
1033 3267 1131 3328 phrase
1148 3266 1171 3314 ls
1186 3278 1204 3314 a
1221 3265 1290 3315 little

243 3342 342 3402 ‘miss,’
354 3341 458 3392 ‘would
468 3343 525 3391 lain
535 3358 579 3392 see
591 3343 753 3393 otherwise’
775 3347 898 3404 stronger
909 3341 975 3389 than
987 3341 1033 3388 the
1046 3340 1110 3389 verb
1121 3340 1209 3389 alone.

274 3419 319 3475 22,
331 3418 376 3466 2³.
394 3419 478 3468 zeno
496 3420 525 3469 ol
543 3420 647 3481 Cyprus
657 3420 755 3483 taught
807 3419 853 3467 34.
871 3418 997 3480 opinari,
1033 3417 1182 3480 ‘surmise‚’
1210 3417 1290 3468 ‘eon-

241 3502 270 3545 at
292 3495 399 3544 Athens
422 3496 450 3544 in
468 3496 514 3544 the
532 3496 624 3545 fourth
642 3504 755 3558 century
774 3497 894 3558 jecture.’

240 3584 311 3632 neq
334 3570 405 3619 from
428 3573 475 3620 the
498 3570 588 3620 Greek
610 3572 683 3620 word
713 3572 755 3619 for

243 3646 361 3709 ‘porch‚’
388 3648 475 3696 where
498 3648 533 3696 he
559 3647 686 3707 lecturam
711 3648 754 3697 liis
806 3650 870 3708 §62
890 3648 915 3704 2,
927 3647 953 3695 ³.
971 3647 1160 3709 disputandi,
1181 3648 1289 3698 viven-

240 3722 374 3772 followers
408 3723 533 3785 (cernuli)
566 3738 635 3774 were
668 3723 753 3773 called
774 3723 813 3780 di,
827 3725 880 3785 i.e.,
895 3724 990 3786 theory
1002 3725 1056 3773 and
1071 3725 1197 3787 practice.
1232 3724 1288 3773 Pe-

240 3798 336 3849 Stoies.
371 3800 553 3858 sententiae,
568 3800 719 3852 ‘maxims’
774 3803 885 3849 tunt:
900 3802 924 3850 si
939 3804 1044 3863 petunt.
1061 3840 1064 3845 .
1081 3801 1114 3850 A.
1134 3800 1183 3852 310
1202 3814 1229 3865 c,·
1251 3800 1285 3852 (l.
