2678 4260
195 249 256 318 214
513 257 585 314 rao
609 258 639 314 t.
664 257 824 314 nonam
847 255 995 312 omno.

180 458 222 502 ,ao
244 437 476 524 gravissimum
495 437 604 501 visum
622 443 683 511 est,
700 435 758 500 sed
781 437 814 498 in
831 433 911 499 urbe
928 435 963 497 in
987 431 1060 498 foro
1085 431 1139 517 (di
1162 432 1292 496 immor-

245 540 345 607 tales!
378 543 450 606 sine
478 542 607 627 gemitu
636 540 697 603 hoc
726 539 792 603 dici
818 561 884 602 non
910 540 1064 623 potest);
1099 558 1166 601 non
1194 557 1291 600 nemo

244 648 344 712 etiam
361 647 395 708 iu
413 646 470 709 illo
487 646 629 709 sacrario
646 646 692 709 rei
709 644 871 728 publicae,
889 645 922 706 in
939 644 1021 727 ipsa,
1035 643 1183 726 iuquam,
1200 641 1292 705 curia

245 773 311 816 non
337 772 434 814 nemo
455 749 560 813 hostis
586 758 646 813 est.
693 749 738 811 Di
761 748 881 823 faxint,
899 755 939 812 ut
962 768 1056 811 meus
1082 746 1223 832 collega,
1240 745 1292 810 vir

245 855 457 931 fortissimus,
469 855 531 918 hoc
549 853 714 918 Catilinae
732 853 898 917 nefarium
914 852 1128 916 latrocinium
1143 857 1290 914 armatus

193 975 222 1019 no
245 957 426 1044 opprimat!
451 981 514 1044 ego
527 966 661 1043 togatus
675 957 768 1022 vobis
786 957 948 1041 bonisque
965 955 1119 1020 omnibus
1135 953 1293 1019 adiutori·

245 1048 306 1128 bus
321 1063 391 1139 hoc,
404 1061 496 1146 quod
506 1070 705 1147 conceptum
718 1083 770 1126 res
787 1061 919 1146 publica
934 1060 1122 1146 periculum
1137 1057 1290 1143 parturit,

193 1169 388 1233 sueonum
416 1167 594 1231 discutiam
618 1175 654 1230 et
678 1167 903 1250 comprimam.
949 1163 1016 1229 Sed
1047 1163 1130 1248 quid
1157 1161 1291 1227 tandem

246 1272 312 1346 fiet,
330 1273 358 1335 si
375 1273 455 1335 haec
479 1272 591 1355 elapsa
614 1271 655 1335 de
679 1270 832 1334 manibus
856 1270 979 1334 nostris
1002 1270 1037 1332 in
1057 1290 1134 1333 eum
1155 1287 1291 1341 annum,

246 1376 305 1459 qui
321 1375 547 1457 consequitur,
566 1373 809 1437 redundarint?
855 1372 953 1437 Unus
977 1373 1041 1437 erit
1063 1370 1291 1446 consuletis

193 1495 223 1540 ao
246 1480 369 1544 nonin
396 1477 660 1541 administrando
683 1477 780 1553 bello,
797 1477 856 1541 sed
884 1477 919 1539 in
938 1474 1135 1540 sufficiendo
1162 1475 1292 1561 collega

246 1591 437 1667 occupatus.
494 1582 557 1644 llla
587 1584 689 1666 pestis
721 1582 874 1645 immanis
898 1587 1103 1665 prorumpet,
1130 1578 1166 1642 in
1195 1599 1292 1665 agros

246 1687 453 1753 suburbanos
484 1695 620 1771 repente
659 1685 850 1761 advolabit3
890 1685 1077 1751 versabitur
1108 1684 1143 1746 in
1177 1683 1292 1748 rostris

248 1791 350 1868 furor,
369 1792 403 1853 in
419 1793 511 1855 curia
527 1793 636 1867 timor,
653 1792 688 1853 in
704 1790 776 1854 foro
797 1791 994 1865 coniuratio,
1012 1790 1047 1852 in
1064 1809 1182 1873 campo
1202 1809 1293 1853 exer·

247 1897 345 1971 citus,
370 1897 404 1958 in
426 1898 515 1981 agris
542 1897 701 1970 vastitas3
733 1897 824 1958 omni
848 1901 962 1959 autem
987 1895 1022 1957 in
1048 1891 1128 1958 sede
1155 1913 1193 1957 ac
1219 1891 1293 1956 loco

194 2015 224 2061 aa
247 2000 372 2064 ferrum
402 1998 635 2083 flammamque
666 2007 875 2075 metuemus3
910 2020 996 2083 quae
1023 2000 1091 2062 iam
1120 1999 1178 2063 diu
1208 2019 1294 2063 com·

247 2111 422 2189 parantur3
458 2104 573 2168 eadem
599 2105 663 2168 ista
688 2105 808 2180 omnia,
825 2104 854 2168 si
879 2110 995 2168 ornata
1022 2103 1092 2167 suis
1120 2101 1293 2187 praesidiis

247 2210 312 2273 erit
337 2231 389 2273 res
421 2208 565 2293 publica,
597 2208 694 2273 facile
726 2216 760 2273 et
790 2210 1048 2294 magistratuum
1079 2207 1229 2272 'consiliis
1259 2213 1294 2272 et

247 2314 452 2397 privatorum
469 2313 646 2398 diligentia
662 2302 921 2397 conprimentur.

195 2420 235 2482 86
294 2433 352 2479 XL.
378 2415 473 2494 Quae
501 2438 577 2480 cum
609 2418 655 2481 ita
685 2418 764 2493 sint,
790 2416 926 2492 iudices
960 2417 1104 2502 primum
1135 2417 1183 2482 rei
1213 2415 1294 2501 pub

247 2521 328 2584 licae
346 2542 455 2597 causa,
469 2543 536 2605 qua
552 2521 646 2598 nulla
663 2543 713 2585 res
730 2522 887 2605 cuiquam
899 2523 1009 2606 potior
1024 2521 1124 2586 debet
1139 2543 1223 2598 esse,
1234 2542 1293 2586 vos

247 2647 306 2710 pro
323 2647 395 2689 mea
410 2647 539 2690 summa
555 2634 590 2690 et
605 2625 700 2691 vobis
716 2628 851 2712 cognita
866 2628 900 2689 in
917 2649 951 2691 re
968 2627 1102 2711 publica
1117 2625 1293 2712 diligentia

248 2751 375 2804 monce,
394 2752 452 2814 pro
479 2731 679 2794 auctoritate
706 2731 873 2795 consulari
899 2731 1022 2807 hortor,
1046 2752 1105 2815 pro
1129 2731 1294 2816 magnitu-

246 2872 336 2920 wlrich
359 2873 393 2920 he
416 2873 521 2922 crossed
545 2873 579 2935 by
600 2874 645 2922 the
668 2873 760 2936 bridge
782 2873 888 2935 (anda),
914 2879 962 2922 not
984 2887 1048 2936 very
1070 2873 1129 2921 well
1153 2873 1242 2922 suited
1265 2877 1292 2921 to

248 2948 298 2997 five
310 2948 387 2997 miles
399 2949 470 2998 troni
482 2950 530 2998 the
541 2950 603 3012 city.
781 2951 875 3010 elapsa
888 2951 920 2999 de
932 2950 1056 2999 manibus
1069 2949 1162 2998 above.

279 3023 324 3071 23.
342 3024 381 3072 Di
397 3024 512 3072 faxint:
530 3026 572 3075 tor
583 3027 638 3076 this
650 3027 720 3076 torm
732 3026 762 3076 ot
812 3026 857 3073 31.
874 3026 981 3088 pestis.
1001 3026 1067 3076 used
1090 3026 1147 3076 also
1169 3025 1199 3076 of
1222 3025 1292 3076 catl-

241 3098 331 3160 jacio,
344 3099 429 3148 found
445 3102 472 3149 in
492 3101 585 3150 Cicero
606 3102 632 3149 in
655 3102 761 3151 invoca·
780 3104 836 3152 liua
859 3103 887 3151 in
907 3102 944 3151 11.
966 3101 991 3149 2.
1014 3103 1053 3151 25.
1104 3104 1291 3164 prorumpet,

247 3176 319 3224 tions
348 3176 401 3224 aud
432 3177 500 3239 legal
524 3177 656 3227 formulae
687 3178 758 3240 only,
780 3181 851 3230 from
875 3179 922 3228 the
944 3179 1090 3229 tastnesses
1111 3179 1141 3228 ot
1170 3179 1216 3228 the
1238 3179 1292 3242 Ap

247 3265 291 3300 see
302 3250 336 3300 A.
352 3252 398 3301 128
411 3267 432 3314 e,
446 3253 474 3314 33
492 3253 524 3303 G.
541 3255 594 3315 191,
608 3255 635 3315 5;
654 3255 688 3302 H.
703 3256 758 3314 240,
780 3257 900 3319 peninon,
924 3255 1013 3306 where
1034 3254 1070 3304 he
1092 3268 1147 3305 was
1169 3268 1232 3305 now
1254 3256 1293 3304 in·
1330 3280 1333 3287 ·

241 3329 277 3399 ι4;
304 3326 334 3377 B.
353 3325 426 3392 App.
442 3329 500 3379 219.
541 3329 658 3390 collega
682 3365 688 3378 .
715 3365 722 3378 .
747 3367 752 3378 .
780 3332 918 3381 trenched.

246 3400 401 3460 opprimat.
413 3417 441 3467 p.
453 3403 494 3467 32,
510 3401 522 3464 ὅ
535 3404 575 3453 53.
812 3408 858 3465 35,
870 3407 916 3457 36.
933 3419 1027 3469 quae:
1052 3408 1096 3459 tor
1117 3407 1227 3471 gender,
1250 3421 1292 3458 sce

261 3504 264 3509 >
278 3479 324 3537 2⁵,
333 3478 378 3528 26.
390 3483 528 3541 togatus:
541 3496 584 3530 see
591 3496 626 3531 on
635 3483 672 3531 11.
682 3482 728 3531 28.
736 3483 758 3532 4.
781 3499 817 3534 on
831 3484 868 3533 ΙΙ.
881 3484 928 3532 19.
940 3485 979 3533 15.
1014 3483 1087 3542 cmo,
1100 3485 1150 3534 ‘its
1168 3484 1246 3536 own'
1264 3495 1289 3521 =

245 3554 313 3613 hoc,
326 3556 411 3617 quod
424 3561 627 3618 conceptum:
645 3559 679 3608 cf.
695 3560 708 3620 ξ
722 3562 758 3608 12.
784 3562 845 3610 “its
857 3560 976 3622 fitting.''

245 3634 284 3684 26.

278 3710 343 3772 §85-
361 3709 408 3760 29.
428 3710 640 3768 redundarint,
679 3716 763 3760 meta·
814 3715 879 3776 §So
897 3713 923 3760 1.
943 3713 1030 3772 Quae
1053 3726 1125 3764 oum
1148 3715 1196 3764 lta
1216 3715 1290 3764 nint:

245 3787 317 3855 phor
338 3788 409 3838 from
431 3787 556 3839 overflow
575 3788 604 3837 ot
626 3802 642 3836 a
662 3793 762 3838 stream
782 3804 825 3840 see
837 3804 873 3840 on
886 3789 908 3839 1.
921 3789 967 3838 20.
980 3791 1018 3842 16.
