<?xml version="1.0" encoding="UTF-8"?>
<!DOCTYPE html PUBLIC "-//W3C//DTD XHTML 1.0 Transitional//EN"
    "http://www.w3.org/TR/xhtml1/DTD/xhtml1-transitional.dtd">
<html xmlns="http://www.w3.org/1999/xhtml" xml:lang="en" lang="en">
 <head>
  <title>
</title>
<meta http-equiv="Content-Type" content="text/html;charset=utf-8" />
  <meta name='ocr-system' content='tesseract 3.04.00' />
  <meta name='ocr-capabilities' content='ocr_page ocr_carea ocr_par ocr_line ocrx_word'/>
</head>
<body>
  <div class='ocr_page' id='page_1' title='image "./selectedoration00cicegoog_0533.png"; bbox 0 0 2678 4260; ppageno 0'>
   <div class='ocr_carea' id='block_1_1' title="bbox 164 237 957 303">
    <p class='ocr_par' dir='ltr' id='par_1_1' title="bbox 164 237 957 303">
     <span class='ocr_line' id='line_1_1' title="bbox 164 237 957 303; baseline 0 -1"><span class='ocrx_word' id='word_1_1' title='bbox 164 237 229 303; x_wconf 76' lang='lat'>552</span> <span class='ocrx_word' id='word_1_2' title='bbox 509 250 581 300; x_wconf 78' lang='lat' dir='ltr'>rao</span> <span class='ocrx_word' id='word_1_3' title='bbox 604 250 634 300; x_wconf 82' lang='lat' dir='ltr'>r.</span> <span class='ocrx_word' id='word_1_4' title='bbox 659 249 785 301; x_wconf 74' lang='lat' dir='ltr'>sus‘rro</span> <span class='ocrx_word' id='word_1_5' title='bbox 808 249 957 302; x_wconf 73' lang='lat' dir='ltr'>enarro.</span> 
     </span>
    </p>
   </div>
   <div class='ocr_carea' id='block_1_2' title="bbox 60 421 1331 3106">
    <p class='ocr_par' dir='ltr' id='par_1_2' title="bbox 60 421 1331 3003">
     <span class='ocr_line' id='line_1_2' title="bbox 219 421 1268 509; baseline 0 -21"><span class='ocrx_word' id='word_1_6' title='bbox 219 424 342 509; x_wconf 90' lang='lat' dir='ltr'>pertuli</span> <span class='ocrx_word' id='word_1_7' title='bbox 378 421 613 488; x_wconf 68' lang='lat' dir='ltr'>crudelitatem</span> <span class='ocrx_word' id='word_1_8' title='bbox 654 423 877 498; x_wconf 90' lang='lat' dir='ltr'>inimicorum,</span> <span class='ocrx_word' id='word_1_9' title='bbox 917 423 1028 487; x_wconf 89' lang='lat' dir='ltr'>scelus</span> <span class='ocrx_word' id='word_1_10' title='bbox 1066 422 1268 501; x_wconf 88' lang='lat' dir='ltr'>infidelium,</span> 
     </span>
     <span class='ocr_line' id='line_1_3' title="bbox 145 526 1268 612; baseline -0.001 -19"><span class='ocrx_word' id='word_1_11' title='bbox 145 532 202 594; x_wconf 81' lang='lat'>146</span> <span class='ocrx_word' id='word_1_12' title='bbox 217 527 370 593; x_wconf 85' lang='lat' dir='ltr'>fraudem</span> <span class='ocrx_word' id='word_1_13' title='bbox 387 526 589 592; x_wconf 90' lang='lat' dir='ltr'>invidorum.</span> <span class='ocrx_word' id='word_1_14' title='bbox 637 526 672 590; x_wconf 90' lang='lat' dir='ltr'>Si</span> <span class='ocrx_word' id='word_1_15' title='bbox 696 526 758 591; x_wconf 90' lang='lat' dir='ltr'>hoc</span> <span class='ocrx_word' id='word_1_16' title='bbox 785 549 854 590; x_wconf 92' lang='lat' dir='ltr'>non</span> <span class='ocrx_word' id='word_1_17' title='bbox 877 534 930 590; x_wconf 90' lang='lat' dir='ltr'>est</span> <span class='ocrx_word' id='word_1_18' title='bbox 953 528 1045 603; x_wconf 76' lang='lat' dir='ltr'>satiS,</span> <span class='ocrx_word' id='word_1_19' title='bbox 1062 526 1157 612; x_wconf 93' lang='lat' dir='ltr'>quod</span> <span class='ocrx_word' id='word_1_20' title='bbox 1185 528 1268 594; x_wconf 88' lang='lat' dir='ltr'>haec</span> 
     </span>
     <span class='ocr_line' id='line_1_4' title="bbox 164 631 1266 710; baseline 0.006 -19"><span class='ocrx_word' id='word_1_21' title='bbox 164 647 193 691; x_wconf 80' lang='lat'>³6</span> <span class='ocrx_word' id='word_1_22' title='bbox 215 635 326 698; x_wconf 90' lang='lat' dir='ltr'>omnia</span> <span class='ocrx_word' id='word_1_23' title='bbox 342 633 453 697; x_wconf 87' lang='lat' dir='ltr'>deleta</span> <span class='ocrx_word' id='word_1_24' title='bbox 470 633 630 698; x_wconf 89' lang='lat' dir='ltr'>videntur</span> <span class='ocrx_word' id='word_1_25' title='bbox 648 631 760 696; x_wconf 91' lang='lat' dir='ltr'>reditu</span> <span class='ocrx_word' id='word_1_26' title='bbox 785 654 868 708; x_wconf 91' lang='lat' dir='ltr'>meo,</span> <span class='ocrx_word' id='word_1_27' title='bbox 895 632 1003 695; x_wconf 91' lang='lat' dir='ltr'>multo</span> <span class='ocrx_word' id='word_1_28' title='bbox 1027 632 1119 710; x_wconf 91' lang='lat' dir='ltr'>mihi,</span> <span class='ocrx_word' id='word_1_29' title='bbox 1146 635 1266 710; x_wconf 88' lang='lat' dir='ltr'>multe,</span> 
     </span>
     <span class='ocr_line' id='line_1_5' title="bbox 219 735 1266 822; baseline 0.002 -22"><span class='ocrx_word' id='word_1_30' title='bbox 219 738 367 822; x_wconf 87' lang='lat' dir='ltr'>inquam,</span> <span class='ocrx_word' id='word_1_31' title='bbox 398 735 537 811; x_wconf 74' lang='lat' dir='ltr'>iudices</span> <span class='ocrx_word' id='word_1_32' title='bbox 568 742 717 820; x_wconf 74' lang='lat' dir='ltr'>praestat</span> <span class='ocrx_word' id='word_1_33' title='bbox 747 736 782 798; x_wconf 91' lang='lat' dir='ltr'>in</span> <span class='ocrx_word' id='word_1_34' title='bbox 820 735 962 800; x_wconf 90' lang='lat' dir='ltr'>eandem</span> <span class='ocrx_word' id='word_1_35' title='bbox 992 737 1085 800; x_wconf 91' lang='lat' dir='ltr'>illam</span> <span class='ocrx_word' id='word_1_36' title='bbox 1116 737 1266 803; x_wconf 81' lang='lat' dir='ltr'>recidere</span> 
     </span>
     <span class='ocr_line' id='line_1_6' title="bbox 143 839 1266 925; baseline 0.001 -21"><span class='ocrx_word' id='word_1_37' title='bbox 143 916 145 923; x_wconf 28' lang='grc' dir='ltr'>Ι</span> <span class='ocrx_word' id='word_1_38' title='bbox 217 839 388 904; x_wconf 84' lang='lat' dir='ltr'>fortunam</span> <span class='ocrx_word' id='word_1_39' title='bbox 419 861 520 925; x_wconf 90' lang='lat' dir='ltr'>quam</span> <span class='ocrx_word' id='word_1_40' title='bbox 553 847 682 904; x_wconf 86' lang='lat' dir='ltr'>tantam</span> <span class='ocrx_word' id='word_1_41' title='bbox 713 841 881 925; x_wconf 87' lang='lat' dir='ltr'>inportare</span> <span class='ocrx_word' id='word_1_42' title='bbox 912 841 995 904; x_wconf 85' lang='lat' dir='ltr'>meis</span> <span class='ocrx_word' id='word_1_43' title='bbox 1030 839 1266 907; x_wconf 82' lang='lat' dir='ltr'>defensoribus</span> 
     </span>
     <span class='ocr_line' id='line_1_7' title="bbox 216 943 1331 1030; baseline 0.001 -21"><span class='ocrx_word' id='word_1_44' title='bbox 216 951 252 1009; x_wconf 90' lang='lat' dir='ltr'>et</span> <span class='ocrx_word' id='word_1_45' title='bbox 272 943 559 1010; x_wconf 87' lang='lat' dir='ltr'>conservatoribus</span> <span class='ocrx_word' id='word_1_46' title='bbox 584 944 819 1007; x_wconf 86' lang='lat' dir='ltr'>calamitatem.</span> <span class='ocrx_word' id='word_1_47' title='bbox 867 945 923 1007; x_wconf 81' lang='lat' dir='ltr'>An</span> <span class='ocrx_word' id='word_1_48' title='bbox 949 965 1011 1030; x_wconf 86' lang='lat' dir='ltr'>ego</span> <span class='ocrx_word' id='word_1_49' title='bbox 1034 945 1070 1007; x_wconf 91' lang='lat' dir='ltr'>in</span> <span class='ocrx_word' id='word_1_50' title='bbox 1097 945 1159 1010; x_wconf 89' lang='lat' dir='ltr'>hac</span> <span class='ocrx_word' id='word_1_51' title='bbox 1183 945 1266 1010; x_wconf 88' lang='lat' dir='ltr'>urbe</span> <span class='ocrx_word' id='word_1_52' title='bbox 1328 1020 1331 1025; x_wconf 0' lang='lat' dir='ltr'>a</span> 
     </span>
     <span class='ocr_line' id='line_1_8' title="bbox 163 1047 1267 1134; baseline 0.005 -24"><span class='ocrx_word' id='word_1_53' title='bbox 163 1065 193 1110; x_wconf 85' lang='lat'>40</span> <span class='ocrx_word' id='word_1_54' title='bbox 215 1070 286 1114; x_wconf 89' lang='lat' dir='ltr'>esse</span> <span class='ocrx_word' id='word_1_55' title='bbox 309 1050 432 1132; x_wconf 89' lang='lat' dir='ltr'>possim</span> <span class='ocrx_word' id='word_1_56' title='bbox 456 1047 508 1111; x_wconf 90' lang='lat' dir='ltr'>his</span> <span class='ocrx_word' id='word_1_57' title='bbox 532 1048 649 1132; x_wconf 88' lang='lat' dir='ltr'>pulsis,</span> <span class='ocrx_word' id='word_1_58' title='bbox 674 1049 733 1132; x_wconf 91' lang='lat' dir='ltr'>qui</span> <span class='ocrx_word' id='word_1_59' title='bbox 758 1070 809 1112; x_wconf 90' lang='lat' dir='ltr'>me</span> <span class='ocrx_word' id='word_1_60' title='bbox 833 1048 935 1112; x_wconf 91' lang='lat' dir='ltr'>huius</span> <span class='ocrx_word' id='word_1_61' title='bbox 966 1048 1058 1112; x_wconf 86' lang='lat' dir='ltr'>urbis</span> <span class='ocrx_word' id='word_1_62' title='bbox 1086 1057 1267 1134; x_wconf 86' lang='lat' dir='ltr'>conpotem</span> 
     </span>
     <span class='ocr_line' id='line_1_9' title="bbox 218 1151 1265 1240; baseline 0.002 -23"><span class='ocrx_word' id='word_1_63' title='bbox 218 1151 395 1217; x_wconf 83' lang='lat' dir='ltr'>fecerunt?</span> <span class='ocrx_word' id='word_1_64' title='bbox 441 1152 517 1215; x_wconf 93' lang='lat' dir='ltr'>Non</span> <span class='ocrx_word' id='word_1_65' title='bbox 548 1174 614 1228; x_wconf 87' lang='lat' dir='ltr'>erc,</span> <span class='ocrx_word' id='word_1_66' title='bbox 643 1174 710 1215; x_wconf 92' lang='lat' dir='ltr'>non</span> <span class='ocrx_word' id='word_1_67' title='bbox 734 1160 850 1237; x_wconf 90' lang='lat' dir='ltr'>potero</span> <span class='ocrx_word' id='word_1_68' title='bbox 874 1173 955 1229; x_wconf 90' lang='lat' dir='ltr'>esse,</span> <span class='ocrx_word' id='word_1_69' title='bbox 981 1152 1128 1229; x_wconf 89' lang='lat' dir='ltr'>iudices;</span> <span class='ocrx_word' id='word_1_70' title='bbox 1154 1176 1265 1240; x_wconf 91' lang='lat' dir='ltr'>neque</span> 
     </span>
     <span class='ocr_line' id='line_1_10' title="bbox 143 1254 1264 1342; baseline 0.003 -21"><span class='ocrx_word' id='word_1_71' title='bbox 143 1254 145 1263; x_wconf 74' lang='grc'>’</span> <span class='ocrx_word' id='word_1_72' title='bbox 216 1257 270 1322; x_wconf 88' lang='lat' dir='ltr'>hio</span> <span class='ocrx_word' id='word_1_73' title='bbox 294 1279 455 1342; x_wconf 86' lang='lat' dir='ltr'>umquam</span> <span class='ocrx_word' id='word_1_74' title='bbox 478 1279 570 1340; x_wconf 89' lang='lat' dir='ltr'>puer,</span> <span class='ocrx_word' id='word_1_75' title='bbox 596 1257 655 1340; x_wconf 90' lang='lat' dir='ltr'>qui</span> <span class='ocrx_word' id='word_1_76' title='bbox 686 1257 737 1320; x_wconf 89' lang='lat' dir='ltr'>his</span> <span class='ocrx_word' id='word_1_77' title='bbox 768 1257 923 1333; x_wconf 87' lang='lat' dir='ltr'>lacrimis,</span> <span class='ocrx_word' id='word_1_78' title='bbox 956 1278 1023 1340; x_wconf 90' lang='lat' dir='ltr'>qua</span> <span class='ocrx_word' id='word_1_79' title='bbox 1050 1258 1097 1321; x_wconf 91' lang='lat' dir='ltr'>sit</span> <span class='ocrx_word' id='word_1_80' title='bbox 1126 1259 1264 1341; x_wconf 88' lang='lat' dir='ltr'>pietate,</span> 
     </span>
     <span class='ocr_line' id='line_1_11' title="bbox 60 1359 1266 1446; baseline 0.002 -22"><span class='ocrx_word' id='word_1_81' title='bbox 60 1399 63 1403; x_wconf 87' lang='lat'><strong>·</strong></span> <span class='ocrx_word' id='word_1_82' title='bbox 143 1442 145 1446; x_wconf 23' lang='grc' dir='ltr'>Ι</span> <span class='ocrx_word' id='word_1_83' title='bbox 215 1359 372 1438; x_wconf 89' lang='lat' dir='ltr'>declarat,</span> <span class='ocrx_word' id='word_1_84' title='bbox 396 1363 516 1425; x_wconf 85' lang='lat' dir='ltr'>omisso</span> <span class='ocrx_word' id='word_1_85' title='bbox 540 1366 633 1445; x_wconf 86' lang='lat' dir='ltr'>patre</span> <span class='ocrx_word' id='word_1_86' title='bbox 658 1382 719 1424; x_wconf 92' lang='lat' dir='ltr'>suo</span> <span class='ocrx_word' id='word_1_87' title='bbox 751 1368 887 1445; x_wconf 88' lang='lat' dir='ltr'>propter</span> <span class='ocrx_word' id='word_1_88' title='bbox 916 1383 968 1425; x_wconf 93' lang='lat' dir='ltr'>me</span> <span class='ocrx_word' id='word_1_89' title='bbox 999 1383 1051 1425; x_wconf 91' lang='lat' dir='ltr'>me</span> <span class='ocrx_word' id='word_1_90' title='bbox 1083 1362 1194 1446; x_wconf 90' lang='lat' dir='ltr'>ipsum</span> <span class='ocrx_word' id='word_1_91' title='bbox 1219 1365 1266 1426; x_wconf 92' lang='lat' dir='ltr'>in·</span> 
     </span>
     <span class='ocr_line' id='line_1_12' title="bbox 143 1462 1266 1549; baseline 0 -19"><span class='ocrx_word' id='word_1_92' title='bbox 143 1462 145 1478; x_wconf 66' lang='lat'>⁵</span> <span class='ocrx_word' id='word_1_93' title='bbox 216 1465 381 1530; x_wconf 85' lang='lat' dir='ltr'>columem</span> <span class='ocrx_word' id='word_1_94' title='bbox 408 1465 535 1530; x_wconf 90' lang='lat' dir='ltr'>videbit</span> <span class='ocrx_word' id='word_1_95' title='bbox 558 1486 629 1540; x_wconf 93' lang='lat' dir='ltr'>nec,</span> <span class='ocrx_word' id='word_1_96' title='bbox 656 1465 959 1549; x_wconf 86' lang='lat' dir='ltr'>quotienscumque</span> <span class='ocrx_word' id='word_1_97' title='bbox 983 1487 1035 1529; x_wconf 93' lang='lat' dir='ltr'>me</span> <span class='ocrx_word' id='word_1_98' title='bbox 1059 1465 1192 1543; x_wconf 88' lang='lat' dir='ltr'>viderit,</span> <span class='ocrx_word' id='word_1_99' title='bbox 1219 1469 1266 1530; x_wconf 91' lang='lat' dir='ltr'>in·</span> 
     </span>
     <span class='ocr_line' id='line_1_13' title="bbox 162 1568 1263 1655; baseline 0.005 -26"><span class='ocrx_word' id='word_1_100' title='bbox 162 1583 192 1629; x_wconf 74' lang='lat'>45</span> <span class='ocrx_word' id='word_1_101' title='bbox 213 1576 383 1655; x_wconf 86' lang='lat' dir='ltr'>gemescet</span> <span class='ocrx_word' id='word_1_102' title='bbox 398 1591 435 1633; x_wconf 86' lang='lat' dir='ltr'>ac</span> <span class='ocrx_word' id='word_1_103' title='bbox 452 1576 580 1652; x_wconf 86' lang='lat' dir='ltr'>pestem</span> <span class='ocrx_word' id='word_1_104' title='bbox 596 1589 692 1632; x_wconf 89' lang='lat' dir='ltr'>suam</span> <span class='ocrx_word' id='word_1_105' title='bbox 708 1589 745 1632; x_wconf 91' lang='lat' dir='ltr'>ac</span> <span class='ocrx_word' id='word_1_106' title='bbox 762 1569 865 1652; x_wconf 87' lang='lat' dir='ltr'>patris</span> <span class='ocrx_word' id='word_1_107' title='bbox 889 1570 942 1632; x_wconf 92' lang='lat' dir='ltr'>sui</span> <span class='ocrx_word' id='word_1_108' title='bbox 965 1590 1000 1633; x_wconf 91' lang='lat' dir='ltr'>se</span> <span class='ocrx_word' id='word_1_109' title='bbox 1024 1568 1115 1633; x_wconf 90' lang='lat' dir='ltr'>dicet</span> <span class='ocrx_word' id='word_1_110' title='bbox 1138 1571 1263 1636; x_wconf 88' lang='lat' dir='ltr'>videre.</span> 
     </span>
     <span class='ocr_line' id='line_1_14' title="bbox 216 1671 1263 1759; baseline 0.005 -24"><span class='ocrx_word' id='word_1_111' title='bbox 216 1673 289 1759; x_wconf 84' lang='lat' dir='ltr'>Ego</span> <span class='ocrx_word' id='word_1_112' title='bbox 307 1696 384 1738; x_wconf 90' lang='lat' dir='ltr'>vero</span> <span class='ocrx_word' id='word_1_113' title='bbox 400 1673 460 1736; x_wconf 87' lang='lat' dir='ltr'>hos</span> <span class='ocrx_word' id='word_1_114' title='bbox 476 1674 510 1735; x_wconf 92' lang='lat' dir='ltr'>in</span> <span class='ocrx_word' id='word_1_115' title='bbox 528 1673 617 1736; x_wconf 94' lang='lat' dir='ltr'>omni</span> <span class='ocrx_word' id='word_1_116' title='bbox 634 1671 780 1748; x_wconf 80' lang='lat' dir='ltr'>fortuna,</span> <span class='ocrx_word' id='word_1_117' title='bbox 799 1694 1032 1756; x_wconf 89' lang='lat' dir='ltr'>quaecumque</span> <span class='ocrx_word' id='word_1_118' title='bbox 1058 1675 1122 1738; x_wconf 92' lang='lat' dir='ltr'>erit</span> <span class='ocrx_word' id='word_1_119' title='bbox 1143 1675 1263 1752; x_wconf 90' lang='lat' dir='ltr'>oblata,</span> 
     </span>
     <span class='ocr_line' id='line_1_15' title="bbox 143 1774 1264 1864; baseline 0.004 -23"><span class='ocrx_word' id='word_1_120' title='bbox 143 1794 147 1806; x_wconf 70' lang='lat'><strong>¹</strong></span> <span class='ocrx_word' id='word_1_121' title='bbox 216 1778 417 1861; x_wconf 87' lang='lat' dir='ltr'>conplectar,</span> <span class='ocrx_word' id='word_1_122' title='bbox 436 1798 496 1840; x_wconf 91' lang='lat' dir='ltr'>nec</span> <span class='ocrx_word' id='word_1_123' title='bbox 515 1798 566 1840; x_wconf 91' lang='lat' dir='ltr'>me</span> <span class='ocrx_word' id='word_1_124' title='bbox 583 1774 625 1839; x_wconf 93' lang='lat' dir='ltr'>ab</span> <span class='ocrx_word' id='word_1_125' title='bbox 641 1777 696 1851; x_wconf 84' lang='lat' dir='ltr'>iis,</span> <span class='ocrx_word' id='word_1_126' title='bbox 709 1798 794 1860; x_wconf 88' lang='lat' dir='ltr'>quos</span> <span class='ocrx_word' id='word_1_127' title='bbox 819 1798 891 1840; x_wconf 89' lang='lat' dir='ltr'>meo</span> <span class='ocrx_word' id='word_1_128' title='bbox 916 1778 1050 1864; x_wconf 86' lang='lat' dir='ltr'>nomine</span> <span class='ocrx_word' id='word_1_129' title='bbox 1074 1778 1264 1845; x_wconf 88' lang='lat' dir='ltr'>sordidatos</span> 
     </span>
     <span class='ocr_line' id='line_1_16' title="bbox 143 1879 1264 1966; baseline 0.004 -21"><span class='ocrx_word' id='word_1_130' title='bbox 143 1886 147 1951; x_wconf 75' lang='grc' dir='ltr'><strong>ἱ</strong></span> <span class='ocrx_word' id='word_1_131' title='bbox 216 1880 349 1957; x_wconf 87' lang='lat' dir='ltr'>videtis,</span> <span class='ocrx_word' id='word_1_132' title='bbox 386 1902 546 1965; x_wconf 89' lang='lat' dir='ltr'>umquam</span> <span class='ocrx_word' id='word_1_133' title='bbox 586 1880 656 1942; x_wconf 91' lang='lat' dir='ltr'>ulla</span> <span class='ocrx_word' id='word_1_134' title='bbox 695 1879 833 1943; x_wconf 80' lang='lat' dir='ltr'>fortuna</span> <span class='ocrx_word' id='word_1_135' title='bbox 872 1880 1022 1958; x_wconf 87' lang='lat' dir='ltr'>divellet,</span> <span class='ocrx_word' id='word_1_136' title='bbox 1063 1904 1174 1966; x_wconf 91' lang='lat' dir='ltr'>neque</span> <span class='ocrx_word' id='word_1_137' title='bbox 1206 1906 1264 1949; x_wconf 84' lang='lat' dir='ltr'>eae</span> 
     </span>
     <span class='ocr_line' id='line_1_17' title="bbox 216 1983 1264 2069; baseline 0.004 -21"><span class='ocrx_word' id='word_1_138' title='bbox 216 1986 378 2060; x_wconf 86' lang='lat' dir='ltr'>nationes,</span> <span class='ocrx_word' id='word_1_139' title='bbox 405 1983 527 2068; x_wconf 88' lang='lat' dir='ltr'>quibus</span> <span class='ocrx_word' id='word_1_140' title='bbox 553 2005 604 2046; x_wconf 87' lang='lat' dir='ltr'>me</span> <span class='ocrx_word' id='word_1_141' title='bbox 629 1989 765 2046; x_wconf 89' lang='lat' dir='ltr'>senatus</span> <span class='ocrx_word' id='word_1_142' title='bbox 792 1983 1048 2061; x_wconf 88' lang='lat' dir='ltr'>commendavit,</span> <span class='ocrx_word' id='word_1_143' title='bbox 1074 1985 1198 2069; x_wconf 92' lang='lat' dir='ltr'>quibus</span> <span class='ocrx_word' id='word_1_144' title='bbox 1223 1988 1264 2052; x_wconf 90' lang='lat' dir='ltr'>de</span> 
     </span>
     <span class='ocr_line' id='line_1_18' title="bbox 163 2077 1266 2174; baseline 0.007 -25"><span class='ocrx_word' id='word_1_145' title='bbox 163 2104 193 2149; x_wconf 82' lang='lat' dir='ltr'>oo</span> <span class='ocrx_word' id='word_1_146' title='bbox 215 2110 267 2152; x_wconf 90' lang='lat' dir='ltr'>me</span> <span class='ocrx_word' id='word_1_147' title='bbox 283 2090 407 2174; x_wconf 79' lang='lat' dir='ltr'>gratias</span> <span class='ocrx_word' id='word_1_148' title='bbox 424 2089 503 2173; x_wconf 88' lang='lat' dir='ltr'>egit,</span> <span class='ocrx_word' id='word_1_149' title='bbox 522 2087 611 2150; x_wconf 89' lang='lat' dir='ltr'>hunc</span> <span class='ocrx_word' id='word_1_150' title='bbox 629 2087 764 2150; x_wconf 87' lang='lat' dir='ltr'>exulem</span> <span class='ocrx_word' id='word_1_151' title='bbox 784 2095 920 2171; x_wconf 90' lang='lat' dir='ltr'>propter</span> <span class='ocrx_word' id='word_1_152' title='bbox 936 2110 987 2151; x_wconf 92' lang='lat' dir='ltr'>me</span> <span class='ocrx_word' id='word_1_153' title='bbox 1004 2090 1076 2153; x_wconf 89' lang='lat' dir='ltr'>sine</span> <span class='ocrx_word' id='word_1_154' title='bbox 1100 2077 1154 2154; x_wconf 88' lang='lat' dir='ltr'>me</span> <span class='ocrx_word' id='word_1_155' title='bbox 1175 2090 1266 2157; x_wconf 89' lang='lat' dir='ltr'>vide-</span> 
     </span>
     <span class='ocr_line' id='line_1_19' title="bbox 145 2190 1263 2279; baseline 0.003 -23"><span class='ocrx_word' id='word_1_156' title='bbox 145 2194 201 2258; x_wconf 74' lang='lat'>14⁷</span> <span class='ocrx_word' id='word_1_157' title='bbox 216 2192 311 2256; x_wconf 87' lang='lat' dir='ltr'>bunt.</span> <span class='ocrx_word' id='word_1_158' title='bbox 357 2191 424 2256; x_wconf 86' lang='lat' dir='ltr'>Sed</span> <span class='ocrx_word' id='word_1_159' title='bbox 451 2192 532 2255; x_wconf 89' lang='lat' dir='ltr'>haec</span> <span class='ocrx_word' id='word_1_160' title='bbox 557 2190 590 2253; x_wconf 91' lang='lat' dir='ltr'>di</span> <span class='ocrx_word' id='word_1_161' title='bbox 615 2191 829 2265; x_wconf 88' lang='lat' dir='ltr'>immortales,</span> <span class='ocrx_word' id='word_1_162' title='bbox 857 2193 916 2274; x_wconf 91' lang='lat' dir='ltr'>qui</span> <span class='ocrx_word' id='word_1_163' title='bbox 941 2213 993 2259; x_wconf 88' lang='lat' dir='ltr'>me</span> <span class='ocrx_word' id='word_1_164' title='bbox 1026 2193 1096 2256; x_wconf 86' lang='lat' dir='ltr'>suis</span> <span class='ocrx_word' id='word_1_165' title='bbox 1127 2196 1263 2279; x_wconf 92' lang='lat' dir='ltr'>templis</span> 
     </span>
     <span class='ocr_line' id='line_1_20' title="bbox 215 2294 1263 2378; baseline 0.003 -19"><span class='ocrx_word' id='word_1_166' title='bbox 215 2294 451 2361; x_wconf 89' lang='lat' dir='ltr'>advenientem</span> <span class='ocrx_word' id='word_1_167' title='bbox 482 2302 681 2378; x_wconf 92' lang='lat' dir='ltr'>receperunt</span> <span class='ocrx_word' id='word_1_168' title='bbox 713 2295 876 2378; x_wconf 87' lang='lat' dir='ltr'>stipatum</span> <span class='ocrx_word' id='word_1_169' title='bbox 904 2295 946 2358; x_wconf 92' lang='lat' dir='ltr'>ab</span> <span class='ocrx_word' id='word_1_170' title='bbox 970 2294 1022 2359; x_wconf 92' lang='lat' dir='ltr'>his</span> <span class='ocrx_word' id='word_1_171' title='bbox 1055 2297 1135 2360; x_wconf 91' lang='lat' dir='ltr'>viris</span> <span class='ocrx_word' id='word_1_172' title='bbox 1160 2308 1195 2362; x_wconf 89' lang='lat' dir='ltr'>et</span> <span class='ocrx_word' id='word_1_173' title='bbox 1225 2299 1263 2362; x_wconf 88' lang='lat' dir='ltr'>P.</span> 
     </span>
     <span class='ocr_line' id='line_1_21' title="bbox 216 2397 1266 2483; baseline 0.006 -22"><span class='ocrx_word' id='word_1_174' title='bbox 216 2400 362 2464; x_wconf 88' lang='lat' dir='ltr'>Lentulo</span> <span class='ocrx_word' id='word_1_175' title='bbox 378 2400 524 2474; x_wconf 88' lang='lat' dir='ltr'>consule,</span> <span class='ocrx_word' id='word_1_176' title='bbox 545 2405 646 2482; x_wconf 88' lang='lat' dir='ltr'>atque</span> <span class='ocrx_word' id='word_1_177' title='bbox 671 2398 743 2481; x_wconf 86' lang='lat' dir='ltr'>ipsa</span> <span class='ocrx_word' id='word_1_178' title='bbox 766 2419 818 2462; x_wconf 91' lang='lat' dir='ltr'>res</span> <span class='ocrx_word' id='word_1_179' title='bbox 843 2397 987 2482; x_wconf 88' lang='lat' dir='ltr'>publica,</span> <span class='ocrx_word' id='word_1_180' title='bbox 1012 2421 1080 2483; x_wconf 90' lang='lat' dir='ltr'>qua</span> <span class='ocrx_word' id='word_1_181' title='bbox 1103 2400 1188 2465; x_wconf 88' lang='lat' dir='ltr'>nihil</span> <span class='ocrx_word' id='word_1_182' title='bbox 1213 2410 1266 2467; x_wconf 90' lang='lat' dir='ltr'>est</span> 
     </span>
     <span class='ocr_line' id='line_1_22' title="bbox 218 2501 1264 2587; baseline 0.005 -21"><span class='ocrx_word' id='word_1_183' title='bbox 218 2505 376 2579; x_wconf 79' lang='lat' dir='ltr'>sanctiue,</span> <span class='ocrx_word' id='word_1_184' title='bbox 396 2511 525 2568; x_wconf 90' lang='lat' dir='ltr'>vestrae</span> <span class='ocrx_word' id='word_1_185' title='bbox 551 2502 719 2587; x_wconf 86' lang='lat' dir='ltr'>potestati,</span> <span class='ocrx_word' id='word_1_186' title='bbox 737 2501 875 2578; x_wconf 74' lang='lat' dir='ltr'>iudices</span> <span class='ocrx_word' id='word_1_187' title='bbox 896 2504 1144 2568; x_wconf 89' lang='lat' dir='ltr'>commiserunt.</span> <span class='ocrx_word' id='word_1_188' title='bbox 1192 2506 1264 2571; x_wconf 90' lang='lat' dir='ltr'>Vos</span> 
     </span>
     <span class='ocr_line' id='line_1_23' title="bbox 162 2606 1265 2694; baseline 0.005 -26"><span class='ocrx_word' id='word_1_189' title='bbox 162 2617 192 2663; x_wconf 72' lang='grc' dir='ltr'>ῦὸ</span> <span class='ocrx_word' id='word_1_190' title='bbox 213 2606 275 2672; x_wconf 89' lang='lat' dir='ltr'>hoc</span> <span class='ocrx_word' id='word_1_191' title='bbox 292 2608 416 2671; x_wconf 91' lang='lat' dir='ltr'>iudicio</span> <span class='ocrx_word' id='word_1_192' title='bbox 434 2608 582 2670; x_wconf 92' lang='lat' dir='ltr'>omnium</span> <span class='ocrx_word' id='word_1_193' title='bbox 600 2606 762 2670; x_wconf 90' lang='lat' dir='ltr'>bonorum</span> <span class='ocrx_word' id='word_1_194' title='bbox 779 2614 908 2670; x_wconf 87' lang='lat' dir='ltr'>mentes</span> <span class='ocrx_word' id='word_1_195' title='bbox 934 2608 1137 2683; x_wconf 87' lang='lat' dir='ltr'>confirmare,</span> <span class='ocrx_word' id='word_1_196' title='bbox 1156 2611 1265 2694; x_wconf 93' lang='lat' dir='ltr'>inpro-</span> 
     </span>
     <span class='ocr_line' id='line_1_24' title="bbox 167 2710 1263 2797; baseline 0.003 -22"><span class='ocrx_word' id='word_1_197' title='bbox 167 2787 169 2791; x_wconf 81' lang='lat'>.</span> <span class='ocrx_word' id='word_1_198' title='bbox 217 2710 335 2775; x_wconf 90' lang='lat' dir='ltr'>borum</span> <span class='ocrx_word' id='word_1_199' title='bbox 351 2713 530 2795; x_wconf 90' lang='lat' dir='ltr'>reprimere</span> <span class='ocrx_word' id='word_1_200' title='bbox 547 2711 696 2795; x_wconf 72' lang='lat' dir='ltr'>potestis</span> <span class='ocrx_word' id='word_1_201' title='bbox 714 2732 774 2775; x_wconf 87' lang='lat' dir='ltr'>vos</span> <span class='ocrx_word' id='word_1_202' title='bbox 798 2710 849 2773; x_wconf 87' lang='lat' dir='ltr'>his</span> <span class='ocrx_word' id='word_1_203' title='bbox 875 2711 1006 2775; x_wconf 90' lang='lat' dir='ltr'>civibus</span> <span class='ocrx_word' id='word_1_204' title='bbox 1030 2714 1081 2776; x_wconf 93' lang='lat' dir='ltr'>uti</span> <span class='ocrx_word' id='word_1_205' title='bbox 1105 2715 1263 2797; x_wconf 89' lang='lat' dir='ltr'>optumis,</span> 
     </span>
     <span class='ocr_line' id='line_1_25' title="bbox 216 2813 1265 2897; baseline 0.003 -17"><span class='ocrx_word' id='word_1_206' title='bbox 216 2837 275 2880; x_wconf 90' lang='lat' dir='ltr'>vos</span> <span class='ocrx_word' id='word_1_207' title='bbox 291 2837 343 2879; x_wconf 92' lang='lat' dir='ltr'>me</span> <span class='ocrx_word' id='word_1_208' title='bbox 360 2815 493 2879; x_wconf 89' lang='lat' dir='ltr'>reficere</span> <span class='ocrx_word' id='word_1_209' title='bbox 511 2822 545 2878; x_wconf 91' lang='lat' dir='ltr'>et</span> <span class='ocrx_word' id='word_1_210' title='bbox 569 2835 726 2878; x_wconf 91' lang='lat' dir='ltr'>renovare</span> <span class='ocrx_word' id='word_1_211' title='bbox 749 2836 817 2878; x_wconf 87' lang='lat' dir='ltr'>rem</span> <span class='ocrx_word' id='word_1_212' title='bbox 842 2813 1018 2897; x_wconf 91' lang='lat' dir='ltr'>publicam.</span> <span class='ocrx_word' id='word_1_213' title='bbox 1067 2814 1179 2894; x_wconf 86' lang='lat' dir='ltr'>Quare</span> <span class='ocrx_word' id='word_1_214' title='bbox 1203 2839 1265 2882; x_wconf 85' lang='lat' dir='ltr'>vos</span> 
     </span>
     <span class='ocr_line' id='line_1_26' title="bbox 217 2917 1264 3003; baseline 0.001 -20"><span class='ocrx_word' id='word_1_215' title='bbox 217 2918 366 2983; x_wconf 85' lang='lat' dir='ltr'>obtestor</span> <span class='ocrx_word' id='word_1_216' title='bbox 381 2927 482 3003; x_wconf 91' lang='lat' dir='ltr'>atque</span> <span class='ocrx_word' id='word_1_217' title='bbox 507 2917 652 2993; x_wconf 89' lang='lat' dir='ltr'>obsecro,</span> <span class='ocrx_word' id='word_1_218' title='bbox 670 2926 718 2993; x_wconf 90' lang='lat' dir='ltr'>ut,</span> <span class='ocrx_word' id='word_1_219' title='bbox 736 2918 764 2981; x_wconf 93' lang='lat' dir='ltr'>si</span> <span class='ocrx_word' id='word_1_220' title='bbox 780 2938 832 2981; x_wconf 90' lang='lat' dir='ltr'>me</span> <span class='ocrx_word' id='word_1_221' title='bbox 849 2918 981 2982; x_wconf 91' lang='lat' dir='ltr'>salvum</span> <span class='ocrx_word' id='word_1_222' title='bbox 1005 2940 1077 2983; x_wconf 86' lang='lat' dir='ltr'>esse</span> <span class='ocrx_word' id='word_1_223' title='bbox 1093 2920 1264 2999; x_wconf 88' lang='lat' dir='ltr'>voluistis,</span> 
     </span>
    </p>

    <p class='ocr_par' dir='ltr' id='par_1_3' title="bbox 217 3023 1035 3106">
     <span class='ocr_line' id='line_1_27' title="bbox 217 3023 1035 3106; baseline -0.004 -18"><span class='ocrx_word' id='word_1_224' title='bbox 217 3044 273 3088; x_wconf 90' lang='lat' dir='ltr'>eos</span> <span class='ocrx_word' id='word_1_225' title='bbox 289 3023 503 3098; x_wconf 88' lang='lat' dir='ltr'>conservetis,</span> <span class='ocrx_word' id='word_1_226' title='bbox 521 3045 580 3106; x_wconf 89' lang='lat' dir='ltr'>per</span> <span class='ocrx_word' id='word_1_227' title='bbox 597 3043 681 3106; x_wconf 90' lang='lat' dir='ltr'>quos</span> <span class='ocrx_word' id='word_1_228' title='bbox 698 3043 749 3085; x_wconf 92' lang='lat' dir='ltr'>me</span> <span class='ocrx_word' id='word_1_229' title='bbox 767 3023 1035 3105; x_wconf 85' lang='lat' dir='ltr'>recuperavistis.</span> 
     </span>
    </p>
   </div>
   <div class='ocr_carea' id='block_1_3' title="bbox 213 3237 1264 3754">
    <p class='ocr_par' dir='ltr' id='par_1_4' title="bbox 213 3237 1264 3606">
     <span class='ocr_line' id='line_1_28' title="bbox 245 3237 1264 3301; baseline 0.004 -13"><span class='ocrx_word' id='word_1_230' title='bbox 245 3240 323 3301; x_wconf 65' lang='lat'>5146.</span> <span class='ocrx_word' id='word_1_231' title='bbox 340 3237 441 3287; x_wconf 81' lang='lat'><strong>40-47.</strong></span> <span class='ocrx_word' id='word_1_232' title='bbox 460 3237 591 3299; x_wconf 76' lang='lat' dir='ltr'>possim:</span> <span class='ocrx_word' id='word_1_233' title='bbox 610 3238 726 3286; x_wconf 80' lang='lat' dir='ltr'>theron·</span> <span class='ocrx_word' id='word_1_234' title='bbox 748 3238 818 3286; x_wconf 83' lang='lat' dir='ltr'>after</span> <span class='ocrx_word' id='word_1_235' title='bbox 829 3237 871 3286; x_wconf 87' lang='lat' dir='ltr'>his</span> <span class='ocrx_word' id='word_1_236' title='bbox 889 3242 981 3286; x_wconf 90' lang='lat' dir='ltr'>return</span> <span class='ocrx_word' id='word_1_237' title='bbox 994 3238 1064 3287; x_wconf 85' lang='lat' dir='ltr'>from</span> <span class='ocrx_word' id='word_1_238' title='bbox 1082 3239 1151 3289; x_wconf 84' lang='lat' dir='ltr'>exile</span> <span class='ocrx_word' id='word_1_239' title='bbox 1169 3240 1264 3294; x_wconf 84' lang='lat' dir='ltr'>Cicero</span> 
     </span>
     <span class='ocr_line' id='line_1_29' title="bbox 213 3310 1263 3378; baseline 0.004 -15"><span class='ocrx_word' id='word_1_240' title='bbox 213 3313 331 3363; x_wconf 84' lang='lat' dir='ltr'>ditionis</span> <span class='ocrx_word' id='word_1_241' title='bbox 345 3312 453 3374; x_wconf 88' lang='lat' dir='ltr'>implied</span> <span class='ocrx_word' id='word_1_242' title='bbox 464 3312 544 3361; x_wconf 77' lang='lat' dir='ltr'>inhio</span> <span class='ocrx_word' id='word_1_243' title='bbox 553 3311 650 3372; x_wconf 73' lang='lat' dir='ltr'>pulsia.</span> <span class='ocrx_word' id='word_1_244' title='bbox 670 3310 725 3366; x_wconf 73' lang='lat' dir='ltr'>his,</span> <span class='ocrx_word' id='word_1_245' title='bbox 748 3312 801 3361; x_wconf 89' lang='lat' dir='ltr'>had</span> <span class='ocrx_word' id='word_1_246' title='bbox 820 3327 889 3374; x_wconf 83' lang='lat' dir='ltr'>gone</span> <span class='ocrx_word' id='word_1_247' title='bbox 911 3313 1023 3374; x_wconf 86' lang='lat' dir='ltr'>directly</span> <span class='ocrx_word' id='word_1_248' title='bbox 1040 3318 1069 3362; x_wconf 87' lang='lat' dir='ltr'>to</span> <span class='ocrx_word' id='word_1_249' title='bbox 1088 3315 1135 3363; x_wconf 88' lang='lat' dir='ltr'>the</span> <span class='ocrx_word' id='word_1_250' title='bbox 1156 3315 1263 3378; x_wconf 83' lang='lat' dir='ltr'>Capitol</span> 
     </span>
     <span class='ocr_line' id='line_1_30' title="bbox 213 3387 1264 3453; baseline 0.002 -14"><span class='ocrx_word' id='word_1_251' title='bbox 213 3389 279 3439; x_wconf 87' lang='lat' dir='ltr'>Milo</span> <span class='ocrx_word' id='word_1_252' title='bbox 304 3389 357 3438; x_wconf 87' lang='lat' dir='ltr'>and</span> <span class='ocrx_word' id='word_1_253' title='bbox 381 3390 490 3439; x_wconf 85' lang='lat' dir='ltr'>Sestius.</span> <span class='ocrx_word' id='word_1_254' title='bbox 537 3388 726 3449; x_wconf 83' lang='lat' dir='ltr'>conplectar,</span> <span class='ocrx_word' id='word_1_255' title='bbox 750 3387 796 3450; x_wconf 78' lang='lat' dir='ltr'>(cf.</span> <span class='ocrx_word' id='word_1_256' title='bbox 821 3389 870 3450; x_wconf 85' lang='lat' dir='ltr'>Ep.</span> <span class='ocrx_word' id='word_1_257' title='bbox 896 3389 1007 3437; x_wconf 86' lang='lat' dir='ltr'>XXIII.</span> <span class='ocrx_word' id='word_1_258' title='bbox 1033 3389 1058 3437; x_wconf 87' lang='grc'>5.</span> <span class='ocrx_word' id='word_1_259' title='bbox 1076 3388 1118 3451; x_wconf 84' lang='grc'>49)</span> <span class='ocrx_word' id='word_1_260' title='bbox 1145 3396 1174 3439; x_wconf 92' lang='lat' dir='ltr'>to</span> <span class='ocrx_word' id='word_1_261' title='bbox 1202 3393 1264 3453; x_wconf 82' lang='lat' dir='ltr'>give</span> 
     </span>
     <span class='ocr_line' id='line_1_31' title="bbox 215 3465 1263 3527; baseline 0.002 -13"><span class='ocrx_word' id='word_1_262' title='bbox 215 3465 414 3527; x_wconf 82' lang='lat' dir='ltr'>‘accompariy.&#39;</span> <span class='ocrx_word' id='word_1_263' title='bbox 450 3476 521 3512; x_wconf 85' lang='lat' dir='ltr'>meo</span> <span class='ocrx_word' id='word_1_264' title='bbox 541 3465 674 3520; x_wconf 84' lang='lat' dir='ltr'>nomine,</span> <span class='ocrx_word' id='word_1_265' title='bbox 697 3479 726 3513; x_wconf 83' lang='lat' dir='ltr'>as</span> <span class='ocrx_word' id='word_1_266' title='bbox 748 3465 850 3513; x_wconf 85' lang='lat' dir='ltr'>thanks</span> <span class='ocrx_word' id='word_1_267' title='bbox 869 3465 913 3513; x_wconf 83' lang='lat' dir='ltr'>for</span> <span class='ocrx_word' id='word_1_268' title='bbox 929 3466 972 3514; x_wconf 89' lang='lat' dir='ltr'>his</span> <span class='ocrx_word' id='word_1_269' title='bbox 990 3466 1077 3516; x_wconf 84' lang='lat' dir='ltr'>recall.</span> <span class='ocrx_word' id='word_1_270' title='bbox 1112 3465 1161 3513; x_wconf 79' lang='lat' dir='ltr'>his</span> <span class='ocrx_word' id='word_1_271' title='bbox 1178 3467 1263 3525; x_wconf 76' lang='lat' dir='ltr'>viris,</span> 
     </span>
     <span class='ocr_line' id='line_1_32' title="bbox 213 3539 1264 3606; baseline 0.002 -16"><span class='ocrx_word' id='word_1_272' title='bbox 213 3540 242 3590; x_wconf 90' lang='lat' dir='ltr'>ln</span> <span class='ocrx_word' id='word_1_273' title='bbox 254 3542 323 3590; x_wconf 90' lang='lat' dir='ltr'>Mur.</span> <span class='ocrx_word' id='word_1_274' title='bbox 337 3539 382 3588; x_wconf 80' lang='lat'>82.</span> <span class='ocrx_word' id='word_1_275' title='bbox 396 3541 434 3589; x_wconf 84' lang='lat'>14.</span> <span class='ocrx_word' id='word_1_276' title='bbox 749 3541 815 3590; x_wconf 86' lang='lat' dir='ltr'>Milo</span> <span class='ocrx_word' id='word_1_277' title='bbox 841 3541 894 3589; x_wconf 87' lang='lat' dir='ltr'>and</span> <span class='ocrx_word' id='word_1_278' title='bbox 925 3542 1036 3591; x_wconf 86' lang='lat' dir='ltr'>Sestius.</span> <span class='ocrx_word' id='word_1_279' title='bbox 1072 3541 1121 3590; x_wconf 74' lang='lat' dir='ltr'>hle</span> <span class='ocrx_word' id='word_1_280' title='bbox 1138 3578 1143 3589; x_wconf 93' lang='lat'>.</span> <span class='ocrx_word' id='word_1_281' title='bbox 1162 3579 1167 3590; x_wconf 93' lang='lat'>.</span> <span class='ocrx_word' id='word_1_282' title='bbox 1185 3579 1190 3590; x_wconf 93' lang='lat'>.</span> <span class='ocrx_word' id='word_1_283' title='bbox 1209 3555 1264 3606; x_wconf 88' lang='lat' dir='ltr'>op-</span> 
     </span>
    </p>

    <p class='ocr_par' dir='ltr' id='par_1_5' title="bbox 215 3615 1263 3754">
     <span class='ocr_line' id='line_1_33' title="bbox 246 3615 1263 3678; baseline 0.003 -13"><span class='ocrx_word' id='word_1_284' title='bbox 246 3616 329 3678; x_wconf 63' lang='lat'>5147.</span> <span class='ocrx_word' id='word_1_285' title='bbox 359 3615 461 3664; x_wconf 82' lang='lat'>51-56.</span> <span class='ocrx_word' id='word_1_286' title='bbox 494 3617 560 3664; x_wconf 75' lang='lat' dir='ltr'>suis</span> <span class='ocrx_word' id='word_1_287' title='bbox 593 3615 725 3677; x_wconf 74' lang='lat' dir='ltr'>tempus,</span> <span class='ocrx_word' id='word_1_288' title='bbox 748 3617 909 3673; x_wconf 77' lang='lat' dir='ltr'>tumis,‘t0</span> <span class='ocrx_word' id='word_1_289' title='bbox 921 3618 976 3666; x_wconf 85' lang='lat' dir='ltr'>find</span> <span class='ocrx_word' id='word_1_290' title='bbox 989 3619 1017 3665; x_wconf 89' lang='lat' dir='ltr'>in</span> <span class='ocrx_word' id='word_1_291' title='bbox 1027 3619 1105 3667; x_wconf 87' lang='lat' dir='ltr'>these</span> <span class='ocrx_word' id='word_1_292' title='bbox 1117 3633 1179 3667; x_wconf 90' lang='lat' dir='ltr'>men</span> <span class='ocrx_word' id='word_1_293' title='bbox 1191 3627 1263 3670; x_wconf 83' lang='lat' dir='ltr'>most</span> 
     </span>
     <span class='ocr_line' id='line_1_34' title="bbox 215 3691 1263 3754; baseline 0 -12"><span class='ocrx_word' id='word_1_294' title='bbox 215 3692 289 3742; x_wconf 83' lang='lat' dir='ltr'>‘luto</span> <span class='ocrx_word' id='word_1_295' title='bbox 305 3693 377 3742; x_wconf 82' lang='lat' dir='ltr'>their</span> <span class='ocrx_word' id='word_1_296' title='bbox 393 3692 534 3754; x_wconf 81' lang='lat' dir='ltr'>temples:’</span> <span class='ocrx_word' id='word_1_297' title='bbox 553 3693 596 3741; x_wconf 87' lang='lat' dir='ltr'>for</span> <span class='ocrx_word' id='word_1_298' title='bbox 609 3706 670 3742; x_wconf 87' lang='lat' dir='ltr'>ease</span> <span class='ocrx_word' id='word_1_299' title='bbox 689 3692 723 3741; x_wconf 86' lang='lat' dir='ltr'>cf.</span> <span class='ocrx_word' id='word_1_300' title='bbox 749 3691 818 3754; x_wconf 90' lang='lat' dir='ltr'>loyal</span> <span class='ocrx_word' id='word_1_301' title='bbox 831 3693 969 3741; x_wconf 87' lang='lat' dir='ltr'>citizens:&#39;</span> <span class='ocrx_word' id='word_1_302' title='bbox 984 3693 1028 3741; x_wconf 87' lang='lat' dir='ltr'>for</span> <span class='ocrx_word' id='word_1_303' title='bbox 1038 3693 1094 3741; x_wconf 85' lang='lat' dir='ltr'>this</span> <span class='ocrx_word' id='word_1_304' title='bbox 1109 3706 1157 3742; x_wconf 82' lang='lat' dir='ltr'>use</span> <span class='ocrx_word' id='word_1_305' title='bbox 1169 3694 1199 3742; x_wconf 79' lang='lat' dir='ltr'>of</span> <span class='ocrx_word' id='word_1_306' title='bbox 1215 3695 1263 3742; x_wconf 82' lang='lat' dir='ltr'>uti</span> 
     </span>
    </p>
   </div>
   <div class='ocr_carea' id='block_1_4' title="bbox 213 3768 1238 3832">
    <p class='ocr_par' dir='ltr' id='par_1_6' title="bbox 213 3768 1238 3832">
     <span class='ocr_line' id='line_1_35' title="bbox 213 3768 1238 3832; baseline 0.004 -13"><span class='ocrx_word' id='word_1_307' title='bbox 213 3768 289 3819; x_wconf 72' lang='lat' dir='ltr'>Caes.</span> <span class='ocrx_word' id='word_1_308' title='bbox 303 3770 341 3819; x_wconf 95' lang='lat' dir='ltr'>II.</span> <span class='ocrx_word' id='word_1_309' title='bbox 355 3768 381 3816; x_wconf 88' lang='grc'>3.</span> <span class='ocrx_word' id='word_1_310' title='bbox 392 3769 416 3820; x_wconf 90' lang='grc'>3.</span> <span class='ocrx_word' id='word_1_311' title='bbox 451 3769 494 3818; x_wconf 92' lang='lat' dir='ltr'>On</span> <span class='ocrx_word' id='word_1_312' title='bbox 506 3769 630 3832; x_wconf 85' lang='lat' dir='ltr'>entering</span> <span class='ocrx_word' id='word_1_313' title='bbox 641 3770 726 3818; x_wconf 88' lang='lat' dir='ltr'>Rome</span> <span class='ocrx_word' id='word_1_314' title='bbox 748 3769 783 3818; x_wconf 78' lang='lat' dir='ltr'>ci.</span> <span class='ocrx_word' id='word_1_315' title='bbox 797 3769 848 3829; x_wconf 81' lang='lat' dir='ltr'>Ep.</span> <span class='ocrx_word' id='word_1_316' title='bbox 863 3768 972 3819; x_wconf 86' lang='lat' dir='ltr'>XVIII.</span> <span class='ocrx_word' id='word_1_317' title='bbox 986 3769 1012 3817; x_wconf 87' lang='lat'>2.</span> <span class='ocrx_word' id='word_1_318' title='bbox 1025 3771 1068 3832; x_wconf 78' lang='lat'>223</span> <span class='ocrx_word' id='word_1_319' title='bbox 1086 3769 1124 3818; x_wconf 93' lang='lat' dir='ltr'>II.</span> <span class='ocrx_word' id='word_1_320' title='bbox 1138 3769 1185 3818; x_wconf 80' lang='lat'>18.</span> <span class='ocrx_word' id='word_1_321' title='bbox 1197 3771 1238 3823; x_wconf 79' lang='lat'>28.</span> 
     </span>
    </p>
   </div>
   <div class='ocr_carea' id='block_1_5' title="bbox 0 0 1344 4260">
    <p class='ocr_par' dir='ltr' id='par_1_7' title="bbox 0 0 1344 4260">
     <span class='ocr_line' id='line_1_36' title="bbox 0 0 1344 4260; baseline 0 3"><span class='ocrx_word' id='word_1_322' title='bbox 0 0 1344 4260; x_wconf 95' lang='lat' dir='ltr'> </span> 
     </span>
    </p>
   </div>
  </div>
 </body>
</html>
