2678 4260
183 237 248 309 602
383 242 385 246 “
445 249 515 308 eno
539 249 569 306 r'.
595 248 714 308 nutrio
737 247 883 307 tritonii
906 248 1055 308 carrio.

236 431 357 506 nimus,
374 451 460 514 quae
487 428 670 512 videmus),
697 429 813 516 fingite
839 431 944 516 igitur
974 429 1178 515 cogitatione
1205 429 1282 492 ima·

235 534 349 620 ginem
386 533 487 598 huius
525 533 729 598 condicionis
776 556 877 608 meae,
914 535 943 598 si
980 535 1103 618 possim
1141 531 1279 608 efficere,

235 645 275 702 ut
291 639 451 703 Milonem
469 638 662 714 absolvatis,
680 637 739 702 sed
759 640 815 715 ita,
833 639 861 703 si
888 638 925 701 Ρ.
944 637 1083 702 Clodius
1108 638 1278 703 revixerit.

237 741 329 820 Quid
348 743 448 806 vultu
471 742 700 806 extimuistis?
725 755 871 826 quonam
895 742 993 806 modo
1015 742 1072 805 ille
1098 763 1158 806 vos
1182 742 1279 807 vivus

183 863 212 908 rt
234 845 389 920 afficeret,
414 867 499 930 quos
531 853 683 910 mortuus
722 846 813 910 inani
852 847 1054 932 cogitatione
1093 845 1280 930 percussit?

235 949 351 1029 Quid?
373 951 402 1013 si
418 951 488 1034 ipse
507 949 568 1013 Cn.
589 949 779 1034 Pompeius
797 951 856 1034 qui
878 972 916 1014 ea
932 951 1059 1014 virtute
1082 971 1120 1014 ac
1145 948 1280 1014 fortuna

235 1062 295 1129 est,
320 1063 359 1118 ut
385 1076 423 1118 ea
452 1055 601 1138 potuerit
630 1076 761 1138 semper
787 1075 872 1138 quae
900 1076 996 1118 nemo
1019 1061 1152 1138 praeter
1175 1054 1278 1129 illum,

233 1159 262 1222 si
294 1159 331 1233 is,
360 1160 508 1242 inquam,
537 1159 704 1242 potuisset
734 1165 794 1221 aut
824 1159 1056 1242 quaestionem
1094 1156 1135 1222 de
1176 1164 1278 1221 morte

234 1261 272 1324 P.
291 1262 389 1325 Clodi
420 1261 505 1325 terre
538 1269 598 1325 aut
630 1264 740 1345 ipsum
771 1261 812 1326 ab
839 1261 955 1326 inieris
983 1263 1141 1338 excitare,
1166 1269 1279 1325 utrum

181 1386 211 1431 20
232 1369 358 1451 putatis
398 1367 510 1451 potius
548 1366 717 1431 iacturum
756 1366 889 1431 fuisse?
958 1366 1100 1430 Etiamsi
1145 1373 1279 1450 propter

233 1471 413 1534 amicitiam
434 1471 537 1534 vellet
561 1471 656 1533 illum
682 1470 724 1534 ab
747 1469 862 1534 inieris
886 1492 1034 1546 avocare,
1051 1477 1190 1554 propter
1210 1491 1278 1534 rem

224 1575 403 1660 publicam
443 1597 509 1639 non
548 1575 692 1640 iecisset.
739 1575 821 1639 Eius
860 1576 965 1662 igitur
1002 1576 1118 1640 mortis
1156 1573 1278 1640 sedetis

233 1681 369 1754 ultores,
387 1681 483 1743 cuius
501 1680 605 1743 vitam
632 1681 659 1743 si
687 1680 814 1763 putetis
841 1701 900 1763 per
928 1701 987 1744 vos
1011 1679 1144 1744 restitui
1173 1700 1277 1764 posse,

232 1784 357 1858 nolitis,
375 1791 409 1846 et
432 1782 472 1847 de
501 1785 573 1847 eius
601 1805 680 1847 nece
712 1783 791 1847 lata
806 1784 960 1867 quaestio
987 1791 1048 1860 est,
1066 1785 1125 1868 qui
1148 1783 1179 1848 si
1205 1783 1277 1869 lege

179 1908 208 1952 25
231 1887 346 1951 eadem
377 1888 576 1951 reviviscere
608 1894 730 1971 posset,
762 1887 832 1951 lata
862 1887 919 1952 lex
958 1909 1142 1972 numquam
1181 1895 1277 1953 esset.

233 1991 346 2054 Huius
370 2013 449 2076 ergo
478 1990 673 2055 interfector
695 1992 723 2055 si
740 1999 837 2067 esset,
855 1991 890 2054 in
914 1991 1104 2057 confitendo
1127 1991 1170 2056 ab
1196 1993 1277 2057 iisne

178 2098 219 2161 80
230 2116 370 2179 poenam
403 2096 546 2170 timeret,
575 2117 659 2179 qnos
690 2094 922 2160 liberavisset?
979 2095 1097 2161 Graeci
1127 2095 1277 2167 homines

231 2198 371 2263 deorum
387 2199 527 2262 honores
545 2198 701 2262 tribuunt
717 2200 756 2262 iis
774 2200 863 2275 viris,
882 2202 940 2284 qui
960 2208 1120 2286 tyrannos
1144 2222 1278 2266 necave-

230 2309 320 2365 runt.
370 2301 484 2385 (Quae
513 2324 574 2388 ego
601 2302 671 2366 vidi
700 2303 856 2378 Athenis,
874 2325 960 2388 quae
984 2304 1057 2368 aliis
1082 2305 1117 2367 in
1141 2305 1277 2370 urbibus

182 2423 210 2466 30
232 2406 391 2470 Graeciae
406 2405 413 2469 l
439 2427 521 2490 quas
539 2428 590 2470 res
606 2406 737 2470 divinas
755 2406 878 2471 talibus
894 2409 1068 2473 institutas
1086 2410 1177 2486 viris,
1195 2431 1276 2494 quos

230 2517 358 2584 cantus,
393 2531 478 2594 quae
510 2509 679 2574 carmina?
741 2509 850 2594 Prope
881 2511 925 2575 ad
955 2513 1215 2578 immortalitatis
1245 2520 1278 2576 et

228 2710 308 2760 while
320 2712 440 2762 videmus
453 2711 474 2759 is
487 2711 532 2759 the
545 2711 652 2772 general
665 2712 736 2761 nord
766 2713 970 2776 makingottam
977 2713 1067 2775 object
1074 2714 1103 2763 of
1114 2714 1276 2764 restituere

230 2787 306 2836 ‘see’
765 2788 885 2837 nolitis:
903 2803 947 2838 see
958 2804 994 2839 on
1005 2790 1042 2839 11.
1054 2789 1079 2838 ⁵.
1091 2790 1115 2852 t,
1125 2791 1179 2840 and
1192 2791 1277 2840 notice

259 2863 361 2912 11-14.
374 2862 585 2926 fingitcigitur,
596 2864 602 2889 ‘
612 2865 736 2927 imagine,
766 2865 813 2914 the
825 2870 875 2914 act.
890 2865 939 2915 inl.
954 2865 1079 2928 supplied
1095 2867 1166 2917 from
1179 2881 1195 2916 a
1206 2880 1274 2930 pass.

229 2939 328 3002 Isay:’
348 2940 487 3000 ioripitur
499 2941 533 2990 cf.
548 2941 615 2991 Sest.
632 2941 678 2989 87.
697 2942 740 3003 233
766 2941 836 2990 How
859 2942 880 2990 is
905 2943 990 2991 vitam
1013 2942 1097 3004 really
1122 2943 1277 3011 governcdi

228 3016 278 3067 IV.
293 3015 338 3064 23.
350 3018 372 3067 6.
408 3017 459 3074 ita,
477 3017 512 3074 si,
532 3016 582 3066 ‘on
601 3019 739 3066 condition
766 3017 820 3078 qui
837 3017 865 3064 si
882 3017 957 3079 lege,
976 3024 1026 3068 etc.
1041 3031 1048 3066 ε
1066 3019 1094 3067 ἰη
1113 3024 1197 3070 trans.
1218 3034 1277 3069 con·

227 3092 307 3142 that!
342 3093 441 3143 Caesar
458 3093 521 3142 does
537 3098 585 3142 not
602 3108 649 3142 use
665 3095 740 3143 these
766 3097 828 3142 nect
843 3095 891 3154 qut·
908 3095 935 3142 in
948 3095 995 3144 the
1008 3095 1078 3144 form
1091 3096 1123 3145 de
1136 3109 1200 3159 quo,
1213 3097 1276 3147 with

227 3169 406 3220 correlatives
442 3169 526 3228 Quid
548 3170 639 3218 vultu
660 3171 740 3219 exti-
766 3170 812 3219 the
834 3172 908 3219 main
932 3171 1023 3222 clause
1044 3173 1110 3221 lata
1132 3173 1193 3232 lex,
1216 3179 1275 3233 etc,

227 3247 358 3303 mutatis,
369 3247 375 3270 ‘
385 3246 445 3307 why
454 3246 510 3294 this
522 3245 584 3296 look
594 3247 623 3295 of
635 3246 737 3297 terror.’
766 3247 897 3309 prccisely
907 3263 936 3297 as
949 3249 976 3297 in
989 3250 1036 3298 the
1048 3249 1102 3298 line
1114 3250 1208 3300 above.

259 3321 360 3370 18-24.
377 3322 511 3383 inquam,
523 3337 552 3372 as
567 3323 596 3371 in
611 3324 679 3374 sest.
693 3322 738 3371 53.
797 3320 861 3379 580.
881 3322 927 3371 31.
949 3324 1051 3386 Prope
1063 3325 1111 3382 ad,
1124 3331 1187 3386 etc,
1202 3328 1277 3388 ‘tlicy

228 3397 271 3459 13;
284 3397 334 3459 Ep.
347 3399 398 3448 111.
409 3399 435 3447 8.
446 3400 504 3460 111;
521 3399 563 3447 for
572 3399 643 3449 form
652 3414 695 3449 see
704 3415 739 3449 on
766 3413 811 3448 are
822 3399 944 3448 honored
957 3401 1022 3450 with
1039 3400 1138 3450 almost
1154 3403 1203 3451 the
1218 3416 1277 3452 con·

227 3472 293 3523 Sull.
305 3473 351 3521 48.
360 3475 383 3522 5.
407 3477 512 3523 utrum
522 3476 654 3536 putatis:
667 3477 740 3526 what
766 3476 913 3526 scientious
931 3478 1131 3527 remembrance
1153 3478 1216 3528 thet
1238 3479 1278 3529 be-

226 3554 287 3611 part
296 3549 326 3598 oi
336 3550 433 3612 speech
443 3551 465 3600 is
477 3552 590 3600 utrum?
612 3555 739 3613 propter
766 3552 843 3615 longs
855 3559 884 3602 to
896 3554 1032 3604 immortal
1045 3554 1158 3618 beings'

226 3625 409 3675 amicitiam:
421 3640 464 3676 see
473 3641 506 3674 on
516 3625 575 3682 §at
588 3627 625 3676 14.
650 3628 739 3677 cuius

225 3700 457 3760 vitamstctc.:
476 3703 605 3752 intrans.
626 3710 741 3753 connect
801 3704 849 3765 (ΙΙ.
871 3703 936 3769 (ai.)
955 3707 978 3756 3.
998 3707 1065 3757 Milo
1091 3707 1216 3759 deterres
1238 3709 1279 3758 iar

225 3777 305 3832 cuius
318 3779 403 3830 vitam
417 3777 485 3830 with
497 3778 543 3828 the
554 3781 629 3829 main
640 3779 739 3843 clause,
767 3794 842 3831 more
854 3785 883 3833 to
895 3783 928 3833 be
942 3783 1063 3834 honored
1079 3783 1109 3834 ln
1126 3784 1174 3836 the
1192 3783 1279 3839 Greek
