2678 4260
202 231 264 298 190
509 246 582 296 rao
605 246 635 296 n.
659 247 818 298 nunnus
840 245 988 298 omno.

187 445 190 450 ·
253 427 317 495 tua,
334 424 370 482 et
394 415 486 501 quod
511 416 662 483 homines
680 419 744 481 iam
770 426 843 482 tum
866 419 1057 484 coniuratos
1077 440 1156 484 cum
1179 419 1302 507 gladiis

251 522 286 584 in
321 542 475 606 campum
509 520 630 585 deduci
661 544 681 585 a
711 521 858 586 Catilina
889 521 1044 598 sciebam,
1075 522 1235 588 descendi
1265 525 1300 588 in

251 645 407 709 campum
431 644 509 688 cum
534 623 722 688 firmissimo
748 623 912 708 praesidio
935 623 1196 690 fortissimorum
1217 627 1302 692 viro

213 745 326 792 arum
352 736 388 793 et
415 750 492 793 cum
515 728 576 792 illa
603 728 672 791 lata
693 729 885 815 insignique
909 729 1022 806 lorica,
1046 751 1114 794 non
1137 751 1224 815 quae
1248 753 1299 797 me

251 841 380 920 tegeret
397 833 542 918 (etenim
565 832 709 897 sciebam
734 832 914 897 Catilinam
937 856 1005 899 non
1027 834 1117 899 latus
1139 842 1202 900 aut
1224 858 1301 901 ven·

250 947 345 1014 trem,
368 937 429 1002 sed
459 943 619 1022 caputet
645 937 770 1001 collum
801 938 908 1003 solere
938 939 1084 1023 petere),
1112 959 1230 1004 verum
1261 947 1301 1006 ut

249 1063 364 1106 omnes
389 1042 465 1106 boui
489 1040 795 1105 animadverterent
809 1049 854 1117 et,
881 1063 959 1107 cum
981 1043 1018 1105 in
1041 1049 1133 1108 metu
1156 1050 1193 1109 et
1214 1044 1299 1129 peri·

249 1146 326 1210 culo
349 1146 521 1210 consulem
545 1144 709 1221 viderent,
731 1144 766 1207 id
789 1145 881 1230 quod
904 1153 957 1210 est
980 1145 1119 1223 factum,
1135 1146 1179 1211 ad
1202 1169 1299 1233 opem

200 1266 229 1311 10
250 1249 522 1334 praesidiumque
553 1258 801 1313 concurrerent.
857 1250 988 1334 Itaque,
1014 1271 1091 1314 cum
1114 1257 1159 1328 te,
1191 1249 1297 1330 Servi,

247 1355 468 1420 remissiorem
491 1354 526 1416 in
550 1352 696 1438 petendo
720 1361 889 1438 putarent,
914 1352 1094 1419 Catilinam
1115 1362 1152 1420 ct
1174 1376 1232 1440 spe
1263 1363 1298 1421 et

248 1459 432 1544 cupiditate
459 1457 704 1522 inflammatum
730 1458 894 1535 viderent,
911 1480 1036 1536 omnes,
1053 1460 1112 1545 qui
1137 1460 1231 1524 illam
1254 1460 1296 1526 ab

248 1586 282 1629 re
306 1564 441 1650 publica
459 1571 587 1648 pestem
609 1563 776 1647 depellere
801 1563 991 1648 cupiebant,
1008 1562 1050 1628 ad
1067 1563 1247 1630 Murenam
1261 1587 1296 1631 se

197 1670 363 1736 aestatim
379 1668 608 1732 contuleruut.
657 1668 780 1754 Magna
803 1676 856 1732 est
876 1675 990 1732 autem
1013 1669 1156 1733 comitiis
1179 1691 1298 1735 consu-

198 1787 226 1832 15
248 1772 373 1836 laribus
418 1759 594 1856 repentina
629 1773 844 1836 voluntatum
882 1772 1065 1853 inclinatio,
1102 1775 1297 1859 praesertim

247 1898 324 1940 cum
352 1875 507 1939 incubuit
534 1875 577 1939 ad
605 1877 716 1940 virum
747 1876 873 1940 bonum
903 1885 939 1966 et
968 1877 1083 1942 multis
1106 1877 1182 1942 aliis
1207 1877 1298 1943 adiu·

247 1982 368 2046 mentis
410 1981 583 2065 petitionis
622 1989 787 2045 ornatum.
835 1981 903 2061 Qui
944 2003 1021 2047 cum
1060 1981 1295 2048 honestissimo

247 2093 341 2171 patre
387 2093 490 2169 atque
540 2085 731 2161 maioribus,
775 2085 1019 2150 modestissima
1057 2085 1296 2165 adulescentia,

246 2189 429 2254 clarissima
460 2190 637 2275 legatione,
666 2198 821 2274 praetura
852 2189 989 2275 probata
1018 2191 1054 2253 in
1085 2191 1168 2267 iure,
1199 2199 1297 2278 grata

193 2309 224 2354 ao
245 2294 280 2357 in
307 2315 454 2370 munere,
479 2301 596 2358 ornata
618 2296 653 2356 in
681 2295 852 2378 provincia
882 2295 1023 2379 petisset
1045 2295 1237 2382 diligenter,
1262 2307 1297 2362 et

244 2398 293 2462 ita
316 2399 466 2482 petisset,
483 2405 522 2461 ut
546 2419 655 2481 neque
681 2399 821 2461 minanti
845 2398 981 2463 cederet
1005 2420 1114 2484 neque
1137 2400 1296 2485 cuiquam

244 2502 437 2577 minaretur,
455 2501 531 2564 huic
548 2501 736 2565 mirandum
752 2510 804 2565 est
827 2523 949 2588 magno
971 2502 1166 2568 adiumento
1181 2503 1297 2568 Catili·

245 2627 306 2670 nae
323 2605 469 2669 subitam
485 2626 579 2688 spem
594 2606 788 2669 consulatus
805 2605 1011 2690 adipiscendi
1028 2605 1157 2672 fuisse?

193 2712 233 2776 54
288 2709 319 2772 N
324 2730 387 2772 unc
413 2708 494 2772 mihi
525 2710 646 2773 tertius
671 2709 727 2773 ille
755 2710 847 2774 loeus
876 2718 928 2774 est
954 2710 1106 2794 reliquus
1133 2712 1295 2776 orationis

192 2828 221 2873 aa
244 2813 284 2878 de
313 2812 459 2876 ambitus
487 2812 681 2876 criminibus
709 2823 933 2900 perpurgatus
965 2814 1007 2878 ab
1033 2813 1095 2891 his,
1123 2815 1182 2900 qui
1216 2823 1294 2880 ante

274 3020 339 3081 §52-
358 3019 384 3075 2,
400 3017 426 3068 3,
445 3019 509 3066 iam
528 3022 596 3067 tum
616 3020 756 3068 coniura·
810 3020 875 3081 §aa
894 3021 1073 3083 lethargus
1100 3025 1150 3071 eet
1174 3019 1215 3085 (=
1228 3022 1297 3073 mal-

242 3100 302 3146 tos.
333 3097 358 3144 lt
368 3096 390 3144 is
400 3095 509 3144 evident
519 3095 590 3145 from
601 3096 656 3146 this
666 3097 756 3146 clause
779 3100 835 3146 tum
848 3097 940 3156 calet),
955 3099 961 3119 ‘
972 3098 1020 3147 has
1031 3104 1107 3161 great
1118 3098 1212 3148 force)

241 3173 302 3222 that
314 3171 433 3221 Catilina
444 3172 491 3221 did
502 3177 551 3234 not
563 3173 633 3221 have
643 3173 685 3222 his
695 3188 757 3223 con·
809 3171 854 3219 16.
872 3171 950 3233 aliis,
961 3173 1017 3234 ie,
1027 3174 1095 3222 than
1105 3172 1187 3237 being
1198 3187 1215 3222 a
1224 3173 1294 3237 good

241 3249 345 3310 spiracy
355 3247 458 3296 formed
470 3247 541 3297 until
554 3247 626 3296 aiter
635 3248 681 3297 the
691 3249 758 3298 elec·
778 3261 855 3308 rnen3
867 3249 931 3309 they
941 3261 986 3298 are
996 3247 1090 3311 briessy
1097 3248 1295 3312 recapitulated

241 3323 299 3372 tion
311 3322 341 3370 oi
357 3322 388 3371 63
401 3321 439 3383 (p.
454 3322 493 3381 28,
508 3322 586 3384 544).
613 3334 757 3384 campum
779 3324 807 3370 in
819 3323 846 3372 ll.
862 3323 948 3374 17-22.

244 3422 270 3446 =
285 3414 306 3448 c.
321 3399 455 3448 Martium
468 3400 556 3448 where
568 3399 615 3448 the
633 3399 758 3449 consular
809 3395 910 3446 21-23.
928 3396 1073 3446 minanti:
1093 3411 1132 3449 ec
1159 3397 1293 3461 Sulpicio,

241 3474 370 3527 electione
384 3489 453 3524 were
465 3475 537 3524 held.
779 3475 868 3523 whose
896 3474 1001 3524 threats
1032 3475 1062 3524 oi
1092 3475 1295 3537 impeachment

272 3551 300 3611 8,
313 3551 339 3600 9.
356 3551 447 3600 boni:
465 3566 509 3601 see
526 3566 562 3602 on
580 3552 602 3601 I.
621 3553 647 3600 1.
665 3554 688 3601 5.
723 3552 757 3600 id
779 3550 831 3597 had
844 3555 892 3599 not
904 3548 1027 3599 deterred
1040 3551 1155 3600 Murena
1167 3551 1239 3602 from
1250 3551 1294 3601 his

241 3627 327 3688 quod
345 3630 394 3676 est
410 3627 529 3675 iactum
541 3642 604 3690 goes
618 3629 682 3678 with
696 3643 757 3677 con-
777 3639 898 3675 canvass.
946 3626 1093 3687 cuiquam
1115 3627 1293 3685 minaretur,

242 3705 402 3752 currerent:
420 3702 463 3751 ior
480 3717 541 3752 case
558 3703 588 3752 oi
603 3702 700 3761 id,see
721 3718 755 3751 on
777 3717 806 3751 as
834 3702 970 3764 Sulpicius
999 3704 1052 3752 had
1080 3703 1132 3753 lost
1155 3711 1231 3756 votes
1258 3705 1292 3766 by

241 3776 279 3835 11.
292 3777 390 3835 iaco.
777 3779 867 3848 doing.
912 3778 986 3834 huie
1006 3815 1013 3828 .
1030 3815 1037 3828 .
1053 3814 1060 3829 .
1079 3780 1186 3847 tune,
1210 3781 1249 3839 ‘is
1269 3782 1293 3837 it
