2678 4260
170 260 234 326 302
310 308 312 313 t
496 273 568 324 rso
591 273 621 323 r.
643 270 766 325 sunus
788 272 936 324 onsrro.

222 468 242 511 a
272 452 421 510 materno
451 466 573 531 genere
605 445 825 529 municipalis
853 444 1079 520 honestissimi
1109 467 1147 512 ac
1178 447 1269 514 nobi·
1325 430 1331 440 ⁰

169 567 200 613 ao
222 550 339 614 lissimi
355 549 498 636 generis,
512 548 572 614 sed
590 558 700 613 tamen
719 549 894 612 Asculani.
941 549 1016 614 Aut
1031 551 1137 638 igitur
1149 549 1269 618 doceat

224 653 371 718 Picentis
402 653 491 717 solos
523 672 589 717 non
620 673 691 718 esse
723 653 915 738 peregrinos
946 659 1007 717 aut
1036 653 1185 741 gaudeat
1206 679 1267 722 suo

221 758 337 845 generi
369 779 420 822 me
452 777 562 821 meum
594 777 661 820 non
692 765 906 841 anteponere.
954 755 1067 836 Quare
1094 779 1204 844 neque
1228 768 1267 826 tu

223 883 274 926 me
302 848 516 947 peregrinum
541 859 679 945 posthac
711 859 846 936 dixeris
873 882 914 926 ne
941 862 1080 948 gravius
1107 861 1265 941 refutare,

223 987 332 1050 neque
365 986 484 1050 regern,
517 985 558 1030 ne
589 963 769 1029 derideare.
816 963 889 1028 Nisi
921 964 1008 1029 forte
1041 966 1171 1052 regium
1206 967 1266 1033 tibi

169 1086 199 1131 10
222 1068 358 1134 videtur
384 1069 432 1132 ita
459 1069 581 1144 vivere,
611 1075 651 1132 ut
677 1089 743 1133 non
772 1067 870 1132 modo
898 1068 1025 1132 homini
1054 1071 1190 1148 nemini,
1207 1071 1267 1137 sed

223 1195 264 1238 ne
287 1171 465 1258 cupiditati
492 1171 629 1257 quidem
657 1172 719 1236 ulli
746 1173 882 1249 servias
911 1163 1123 1239 contemnere
1151 1196 1265 1241 omnes

223 1276 387 1352 libidines,
405 1296 472 1340 non
496 1277 578 1352 auri,
596 1297 663 1340 non
688 1278 830 1362 argenti,
851 1297 918 1340 non
943 1284 1131 1342 ceterarum
1155 1301 1265 1344 rerum

223 1379 383 1466 indigere,
412 1381 447 1443 in
473 1388 592 1446 senatu
620 1381 744 1445 sentire
773 1379 885 1456 libere,
914 1381 1029 1465 populi
1063 1383 1167 1468 magis
1205 1384 1266 1448 uti·

223 1485 311 1548 litati
335 1484 508 1548 consulere
533 1504 634 1569 quam
651 1484 828 1560 voluntati,
854 1485 979 1549 nemini
1004 1484 1131 1561 cedere,
1149 1486 1264 1551 multis

170 1604 199 1650 00
221 1587 390 1653 obsistere.
427 1587 472 1652 ⁴Si
506 1588 568 1652 hoc
591 1596 690 1672 putas
715 1608 786 1652 esse
811 1589 949 1674 regium,
975 1609 1027 1652 mc
1050 1610 1162 1675 regern
1194 1611 1265 1656 esse

222 1691 404 1768 confiteor;
428 1693 480 1756 sin
505 1702 538 1757 te
561 1692 713 1776 potentia
737 1713 819 1768 mea,
844 1692 872 1755 si
896 1690 1090 1769 dominatio
1115 1695 1144 1758 si
1177 1693 1266 1760 deni·

222 1818 288 1882 que
312 1795 451 1880 aliquod
483 1794 611 1859 dictum
645 1816 803 1881 arrogans
836 1802 895 1860 aut
927 1796 1110 1880 superbum
1143 1805 1264 1876 movet,

221 1901 305 1986 quin
329 1910 367 1964 tu
391 1898 427 1963 id
450 1900 562 1985 potius
586 1899 713 1983 profers
748 1920 849 1983 quam
873 1898 967 1964 verbi
997 1899 1158 1964 invidiam
1190 1922 1266 1966 con-

222 2005 461 2088 tumeliamque
480 2002 671 2068 maledicti?

168 2114 208 2177 26
265 2127 314 2173 tx.
347 2109 419 2196 Ego
445 2109 547 2172 tantis
573 2129 592 2172 a
617 2130 668 2173 me
695 2107 863 2173 beneficiis
888 2108 923 2170 in
946 2130 981 2173 re
997 2108 1133 2192 publica
1148 2109 1264 2194 positis

218 2272 326 2324 silent:’
349 2273 392 2322 ior
410 2273 497 2334 rn00d‚
521 2274 553 2322 A.
573 2273 621 2322 266
641 2286 674 2334 0,·
696 2271 728 2320 G.
754 2270 875 2328 nemini,
890 2271 981 2320 ‘tono
998 2271 1089 2334 nran3’
1110 2272 1153 2320 101
1165 2273 1265 2323 nemini

219 2350 268 2400 266
284 2349 316 2411 3;
333 2348 371 2400 Η.
391 2349 441 2400 483
457 2350 474 2399 2
491 2363 526 2411 11;
550 2348 582 2400 Β.
599 2348 657 2410 275,
676 2347 728 2400 the
757 2347 860 2397 :nullo
868 2361 911 2397 see
919 2362 955 2397 on
964 2347 1013 2397 IV.
1024 2347 1116 2397 16.11.
1142 2349 1181 2398 As
1190 2363 1264 2398 nemo

218 2423 283 2488 imp.
297 2425 350 2474 and
363 2424 398 2486 pl.
413 2426 480 2488 peri.
496 2432 585 2475 tenses
603 2439 647 2474 are
665 2425 729 2474 used
757 2425 903 2473 :nchomo
911 2424 957 2473 the
965 2424 1062 2486 phrase
1076 2425 1097 2473 is
1105 2423 1262 2486 pleonastic,

219 2501 333 2550 without
345 2501 511 2551 distinction.
752 2499 806 2548 and
815 2499 917 2556 Cicero,
926 2499 1058 2563 although
1066 2501 1174 2563 usingit
1180 2501 1264 2559 often,

250 2576 295 2635 19,
307 2577 352 2626 20.
369 2591 388 2626 a
403 2613 409 2625 .
427 2613 433 2625 .
450 2613 456 2625 .
474 2590 592 2639 genere,
614 2577 665 2627 ‘on
688 2579 730 2628 his
753 2576 858 2639 usually
868 2583 1003 2639 separatas
1013 2578 1059 2627 the
1068 2591 1143 2626 nemo
1152 2577 1206 2626 and
1219 2578 1264 2626 the

209 2654 347 2704 'mother's
367 2654 442 2704 side!
477 2655 604 2716 generis,
622 2669 682 2716 gen.
702 2655 731 2704 oi
752 2653 828 2702 horno
841 2654 875 2716 by
887 2667 938 2702 one
949 2669 979 2702 or
992 2667 1066 2703 rnore
1078 2653 1172 2703 words.

218 2729 328 2793 quality,
357 2730 515 2788 Asculani,
526 2731 570 2780 ‘oi
578 2731 726 2792 Asculum,’
784 2728 884 2778 28-33.
901 2741 969 2778 sen
977 2732 991 2777 t
999 2729 1056 2778 ire
1067 2753 1092 2778 =
1103 2731 1263 2780 sententiam

218 2807 246 2855 in
259 2807 397 2867 Picenum,
412 2808 500 2856 where
513 2807 558 2856 the
575 2806 662 2857 Social
675 2822 730 2857 war
752 2805 841 2855 dicere
864 2819 894 2854 as
916 2806 1001 2854 often.
1037 2805 1168 2854 utilitati
1191 2818 1263 2855 oon-

218 2882 368 2933 brokeout.
751 2880 860 2939 solere,
881 2895 909 2931 as
933 2896 948 2930 a
970 2888 1031 2931 true
1054 2881 1143 2931 friend
1166 2882 1195 2931 oi
1217 2883 1263 2932 the

249 2959 643 3020 22-25.meum:se.‚‹1enua
680 2962 729 3009 Ar·
752 2958 854 3019 people.
890 2971 983 3019 quam
1005 2958 1172 3019 voluntati,
1197 2973 1263 3008 asa

217 3035 312 3097 pinum
330 3037 383 3085 had
402 3036 521 3086 received
539 3037 586 3085 the
602 3036 652 3086 iull
665 3039 729 3086 ciri·
750 3033 926 3096 dernagogue:
942 3033 977 3085 of.
992 3034 1142 3084 1V.9.11r.
1165 3033 1262 3084 domi-

218 3114 261 3161 tos
272 3126 288 3160 a
300 3118 411 3174 century
424 3113 514 3162 before
528 3113 672 3161 Asculum:
690 3114 724 3161 ci.
750 3111 849 3159 natio:
868 3110 986 3161 Cicero’s
1004 3112 1119 3160 favorite
1132 3111 1204 3160 word
1221 3113 1263 3161 ior

217 3187 264 3236 the
282 3195 358 3236 notes
370 3202 405 3237 on
418 3189 431 3250 ς
444 3190 483 3237 23.
497 3189 527 3237 31
541 3189 594 3237 and
608 3189 621 3250 §
634 3191 673 3238 21.
689 3191 725 3238 10.
752 3187 901 3249 ‘tyranny,’
926 3188 970 3237 ior
992 3187 1081 3237 which
1110 3188 1262 3250 Torquatus

216 3271 364 3322 neque.
382 3297 388 3308 .
406 3296 411 3309 .
429 3260 561 3310 dixeris:
579 3263 726 3323 formood,
751 3263 803 3312 had
827 3264 891 3313 used
914 3277 1046 3324 reanum:
1071 3263 1109 3312 ci.
1135 3264 1149 3324 §
1173 3266 1212 3314 21.
1237 3265 1258 3312 1.

216 3335 250 3385 A.
265 3337 384 3399 26901;
402 3336 502 3398 (1.256,
516 3339 539 3394 2,
553 3339 612 3397 266;
631 3339 665 3387 Η.
680 3341 728 3388 164
749 3339 876 3400 profers,
900 3354 929 3388 as
952 3341 981 3388 in
1004 3341 1018 3402 6
1043 3341 1080 3390 18.
1106 3341 1130 3389 6.
1174 3339 1262 3388 verbi

219 3407 270 3459 IV.
305 3408 538 3472 Νο101;Β.276.
576 3407 724 3474 n'evermu)
750 3413 906 3473 invidiam,
918 3429 948 3464 as
960 3416 989 3464 in
1002 3416 1054 3464 111.
1069 3414 1095 3463 3.
1107 3417 1131 3465 3.
1167 3415 1261 3465 Notlce

219 3482 242 3534 is
265 3482 318 3534 the
338 3482 472 3549 ordinary
492 3484 659 3538 connective
685 3485 728 3537 101
750 3489 796 3538 the
808 3491 953 3540 chiasmus

219 3558 418 3624 prohibitione,
439 3559 491 3610 bnt
510 3560 577 3611 here
595 3559 659 3612 itis
677 3561 727 3612 the

215 3651 289 3687 noun
310 3640 337 3687 in
355 3640 421 3688 each
438 3640 528 3689 clause
549 3641 640 3688 rather
659 3643 725 3690 than
781 3645 845 3704 §id
865 3636 890 3701 1,
903 3644 928 3693 2.
941 3658 959 3693 a
971 3658 1026 3702 me,
1039 3660 1074 3693 an
1092 3646 1215 3707 exarnple
1232 3644 1260 3693 oi

215 3715 262 3764 the
275 3717 338 3764 verb
354 3717 414 3764 that
432 3717 454 3765 is
472 3717 621 3779 negatived.
657 3718 727 3766 Nisi
749 3735 764 3768 0
777 3735 899 3782 pronoun
912 3722 1043 3784 referring
1056 3729 1083 3771 to
1096 3723 1142 3771 the
1157 3722 1260 3784 subject

214 3791 364 3857 10110100
377 3791 528 3866 91111131·
541 3793 580 3860 242
609 3792 727 3860 1101111111
750 3797 935 3876 incorporated
946 3799 973 3862 in
981 3811 1016 3862 011
1026 3798 1077 3863 abl,
1087 3799 1143 3862 abs,
1169 3799 1259 3864 bont·
