2678 4260
202 269 265 335 174
521 279 594 333 rao
617 282 648 332 a.
673 281 833 334 unauna
855 280 1005 333 ORATIO.

252 454 381 519 salibus
398 456 445 519 ita
469 455 588 530 missia,
605 460 646 518 ut
667 455 752 518 alter
774 453 1006 518 Mithridatem
1030 461 1295 539 persequeretur,

154 631 162 642 ⁸
202 576 229 621 15
252 559 337 623 alter
353 558 549 643 Bithyniam
571 564 731 633 tueretur,
756 557 893 622 alterius
919 579 971 622 res
994 564 1029 622 et
1050 563 1139 622 terra
1161 565 1197 623 et
1219 560 1296 624 mari

252 663 462 728 calamitosae
484 661 699 727 veliementer
721 669 756 725 et
780 683 858 746 opes
884 663 971 748 regis
996 668 1032 726 et
1055 683 1178 726 nomen
1203 684 1296 728 auxe

252 775 351 843 ruut3
376 766 413 829 L.
431 766 566 830 Luculli
590 787 669 831 vero
692 787 744 830 res
768 773 879 830 tantae
904 765 1102 842 extiterunt,
1126 773 1166 830 ut
1189 778 1297 853 neque

252 872 359 936 mains
386 870 511 937 bellum
540 871 788 936 commemorari
809 871 916 954 possit
940 892 1050 955 neque
1075 871 1199 936 maiore
1226 893 1298 936 oon·

250 976 325 1039 silio
342 982 377 1040 et
392 975 520 1040 virtute
534 982 679 1064 gestum.
725 973 822 1050 Nam,
840 996 915 1038 oum
932 975 1036 1039 totius
1057 974 1204 1060 impetus
1219 968 1299 1041 belli

200 1094 229 1140 20
250 1079 292 1143 ad
309 1079 549 1166 Cyzicenorum
567 1080 698 1145 moenia
713 1079 920 1143 constitisset
935 1101 1075 1164 caraque
1097 1079 1213 1145 urbem
1237 1080 1298 1145 sibi

252 1183 465 1248 Mithridates
483 1183 583 1248 Asiae
601 1185 735 1247 ianuam
751 1182 822 1249 iore
838 1191 998 1269 putasset,
1016 1206 1083 1269 qua
1103 1183 1243 1250 effracta
1266 1193 1301 1251 et

250 1288 383 1355 reuulsa
399 1296 471 1352 tota
490 1295 623 1372 pateret
645 1288 828 1373 provincia,
851 1298 1021 1377 perempta
1043 1290 1091 1354 ita
1112 1310 1132 1354 a
1155 1288 1300 1354 Lucullo

250 1391 333 1459 haec
354 1399 436 1461 sunt
458 1393 580 1467 omnia,
605 1399 645 1456 ut
674 1399 710 1457 et
737 1392 815 1457 urbs
841 1392 1108 1461 fidelissimorum
1132 1394 1298 1459 sociorum

250 1494 487 1563 defenderetur
509 1504 543 1561 et
565 1519 678 1562 omnes
702 1497 814 1582 copiae
838 1498 926 1584 regis
948 1497 1170 1563 diuturnitate
1193 1499 1301 1565 obses·

198 1619 228 1663 25
249 1601 351 1665 sionis
368 1609 654 1669 consumerentur.
702 1600 817 1680 Quid?
863 1601 955 1665 illam
971 1623 1118 1689 pugnam
1144 1604 1298 1669 navalem

249 1704 291 1768 ad
322 1705 506 1781 Tenedum,
532 1727 607 1772 cum
640 1714 799 1770 contento
830 1727 930 1769 cursu
958 1706 1124 1771 acerrimis
1155 1706 1298 1772 ducibus

249 1810 395 1874 hostium
412 1810 526 1874 classis
544 1810 677 1879 Italiam
694 1832 751 1895 spe
768 1818 868 1894 atque
885 1811 1003 1874 animis
1026 1808 1142 1874 inflata
1157 1818 1298 1896 peteret,

251 1913 407 1978 mediocri
431 1915 611 1980 certamine
644 1921 680 1983 et
708 1936 811 1999 parva
842 1913 1055 1979 dimicatione
1086 1916 1298 1980 commissam

248 2018 440 2083 arbitraris?
488 2019 590 2083 Mitto
608 2020 743 2104 proelia,
759 2026 929 2103 praetereo
953 2020 1221 2106 oppugnationes
1246 2042 1300 2106 op

197 2139 227 2185 ao
248 2122 421 2208 pidorum3
461 2125 622 2208 expulsus
652 2144 758 2210 regno
786 2122 921 2187 tandem
952 2120 1134 2207 aliquando
1165 2132 1296 2189 tantum

249 2236 360 2293 tamen
388 2230 526 2293 consilio
552 2237 653 2314 atque
686 2229 884 2295 auctoritate
908 2228 1026 2303 valuit,
1055 2235 1095 2292 ut
1124 2228 1188 2293 sibi
1219 2250 1296 2316 rege

248 2332 484 2398 Armeniorum
509 2333 667 2398 adiuncto
696 2334 792 2399 novis
818 2332 936 2420 opibus
968 2333 1140 2417 copiisque
1171 2332 1296 2398 bellum

248 2441 423 2504 renovarit.
472 2457 549 2503 xva
582 2439 644 2515 Ac,
661 2440 689 2502 si
706 2437 787 2501 mihi
804 2459 894 2504 nunc
912 2436 952 2501 de
969 2435 1068 2501 rebus
1089 2436 1193 2523 gestis
1210 2446 1298 2503 esset

248 2544 352 2607 nostri
376 2545 543 2608 exercitus
570 2544 844 2628 imperatorisque
876 2539 1067 2616 dicendum,
1095 2540 1240 2625 plurima
1263 2548 1297 2607 et

248 2649 392 2711 maxima
407 2648 532 2733 proelia
552 2667 806 2712 commemorare
824 2666 975 2730 possem3
999 2643 1058 2709 sed
1082 2666 1148 2708 non
1172 2643 1208 2708 id
1230 2645 1297 2732 agi-

195 2752 236 2815 34
248 2773 331 2815 mus.
368 2751 441 2816 Hoc
458 2751 548 2816 dico:
574 2750 609 2814 Si
625 2750 750 2815 bellum
768 2747 840 2825 hoc,
858 2749 886 2813 si
909 2747 962 2813 hio
986 2748 1101 2824 hostis,
1117 2747 1146 2812 si
1160 2746 1221 2813 ille
1237 2770 1295 2814 rex

246 2999 272 3047 p.
286 2984 329 3046 703
347 2983 437 3047 Allan,
451 3000 477 3046 p.
494 2986 551 3043 195;
569 2985 666 3046 Myers‚
678 2999 704 3046 p.
716 2984 760 3045 973
780 2980 984 3038 constitisset,
1005 2979 1076 3029 ‘had
1092 2980 1159 3030 been
1181 2994 1295 3032 concen-

246 3060 368 3122 Pennell,
392 3077 418 3124 p.
442 3063 495 3111 121.
532 3061 590 3109 The
609 3060 666 3109 first
689 3060 760 3110 alter
780 3056 887 3108 trated.’

246 3138 329 3187 refers
338 3146 366 3188 to
375 3137 576 3198 Lucullus;the
586 3137 758 3196 second‚and
810 3133 855 3183 26.
874 3134 914 3184 ad
938 3132 1103 3191 Tenedum,
1129 3132 1184 3183 ‘oli
1207 3133 1294 3184 Tene-

247 3215 361 3264 aiterius
372 3214 437 3274 also,
453 3221 481 3263 to
493 3213 581 3263 Cotta.
778 3209 845 3259 dos!
893 3213 1045 3259 contento
1062 3221 1080 3258 c
1090 3221 1191 3267 ursu,
1210 3210 1293 3260 ‘with

277 3291 322 3339 15.
340 3290 525 3352 Bithyniam,
552 3305 570 3338 a
597 3289 702 3338 district
730 3290 759 3338 of
778 3300 857 3349 sager
879 3286 975 3335 haste!
1013 3285 1154 3343 ducibus,
1178 3286 1237 3336 said
1264 3292 1292 3337 to

246 3366 313 3414 Asia
330 3367 420 3415 Minor
437 3381 472 3415 on
490 3368 537 3415 the
555 3367 647 3415 shores
664 3366 693 3415 ci
711 3354 757 3416 the
778 3363 847 3412 have
859 3363 927 3411 been
944 3362 1086 3412 furnished
1104 3363 1137 3425 by
1148 3361 1290 3414 Sertorius.

245 3440 359 3488 Euxine.
395 3441 444 3490 See
457 3441 521 3502 Map
534 3441 554 3489 1.
779 3438 866 3488 These
878 3438 967 3500 places
979 3453 1024 3487 are
1036 3439 1129 3488 shown
1142 3453 1178 3490 on
1190 3438 1256 3502 Map
1268 3440 1289 3489 1.

277 3514 322 3572 19,
343 3516 389 3565 20.
405 3516 547 3578 impetus,
570 3516 663 3578 ‘fury’
700 3515 759 3578 cy.
810 3513 853 3562 31.
872 3527 943 3575 rege
982 3515 1209 3573 Armeniorum,
1248 3517 1291 3567 'ri-

246 3593 431 3649 zicenorum,
447 3593 508 3642 ‘the
526 3593 619 3655 people
636 3594 665 3642 of
682 3591 757 3656 Cyzi·
777 3608 881 3656 graues,
901 3593 1114 3644 brother-in-law
1131 3594 1161 3643 oi
1178 3594 1292 3645 hiitlrra·

245 3669 309 3728 coe,'
339 3684 355 3717 a
384 3671 438 3731 city
464 3684 499 3719 on
528 3670 575 3719 the
603 3671 756 3731 Propontis,
777 3671 860 3720 dates.

245 3746 344 3807 which,
365 3748 407 3796 for
425 3749 459 3796 its
477 3746 576 3808 loyalty
594 3752 622 3795 to
642 3747 688 3796 the
707 3747 758 3797 Ro·
810 3749 875 3809 534.
895 3746 1291 3799 4.1roc...hie...ine:

245 3835 331 3887 maus,
346 3838 400 3877 was
418 3823 496 3876 made
513 3837 529 3875 a
547 3823 630 3876 libera
650 3825 755 3878 civitae.
778 3825 827 3878 hoc
839 3824 893 3876 and
905 3824 948 3876 hic
966 3838 1011 3875 are
1031 3822 1097 3876 used
1114 3824 1229 3878 because
1245 3825 1291 3878 the
