2678 4260
418 245 498 296 cnr.
523 246 611 309 aare,
636 246 650 308 i
673 246 760 297 earo.
1100 237 1164 312 335

66 418 154 484 dicio
169 419 335 492 amiserat,
349 437 409 500 per
426 417 494 480 vim
509 416 735 501 recuperando
752 418 962 502 cogitavisse.
995 417 1113 503 Neque

65 524 156 588 enim
172 524 312 587 istorum
325 521 512 586 facinorum
525 530 704 598 tantorum,
717 530 785 585 tam
800 523 963 584 atrocium
976 523 1112 600 crimen,

66 627 204 702 iudices,
229 627 266 689 P.
291 625 404 691 Sullae
427 647 569 710 persona
591 626 742 710 suscipit.
1136 646 1165 692 20

110 731 180 794 lam
211 733 301 796 cuim
333 730 452 796 faciam
490 730 684 795 criminibus
718 730 872 795 omnibus
902 730 972 796 iere
1008 731 1110 797 disso·
1125 736 1164 798 69

65 835 157 911 lutis,
189 845 304 900 contra
336 844 438 920 atque
470 836 503 898 iu
537 836 657 900 ceteris
688 836 796 899 causis
837 835 909 899 fieri
946 835 1042 913 solet,
1075 845 1114 901 ut

65 962 154 1005 nunc
181 941 327 1025 denique
353 940 394 1008 de
420 941 491 1004 vita
514 939 657 1004 hominis
688 961 726 1003 ac
750 939 790 1004 de
822 939 970 1005 moribus
993 941 1112 1006 dicam.

65 1043 201 1109 Etenim
223 1044 264 1109 de
289 1045 454 1129 principio
478 1043 614 1108 studuit
635 1045 766 1108 animus
791 1067 963 1110 occurrere
987 1048 1114 1133 magni-

64 1149 176 1215 tudini
196 1150 355 1224 criminis,
380 1149 462 1213 satis
485 1147 593 1213 facere
614 1150 841 1232 expectationi
863 1149 1045 1227 hominum,
1070 1151 1111 1216 de
1134 1167 1181 1213 aa

63 1275 117 1319 me
139 1253 269 1339 aliquid
292 1255 373 1337 ipso,
392 1254 450 1337 qui
474 1261 650 1316 accusatus
669 1274 768 1327 enun,
786 1252 916 1329 dicere3
941 1256 1111 1319 nunciam

62 1357 241 1423 revocandi
258 1359 338 1422 estis
356 1379 405 1433 ec,
423 1379 491 1441 quo
510 1378 566 1421 vos
585 1358 656 1440 ipsa
677 1379 776 1421 causa
793 1359 892 1421 etiarn
911 1367 1041 1422 tacente
1059 1382 1110 1424 me

62 1464 154 1549 cogit
184 1463 310 1526 animos
343 1471 538 1546 mentesque
570 1471 775 1526 convertere.
823 1479 912 1525 xxv.
946 1462 1110 1529 Omnibus

62 1569 96 1631 in
114 1568 221 1645 rebuS,
240 1567 376 1643 indicae,
394 1588 481 1652 quae
503 1567 672 1652 graviores
693 1567 900 1651 maioresque
920 1575 1010 1644 suut,
1027 1568 1111 1652 quid

62 1674 206 1758 quisquc
231 1673 386 1748 voluerit,
409 1671 576 1756 cogitarit,
602 1670 782 1748 admiserit,
801 1692 867 1734 non
891 1693 934 1736 ex
958 1672 1107 1750 crimine,

61 1776 121 1841 sed
143 1799 185 1840 ex
209 1775 355 1840 moribus
378 1775 460 1852 eine,
485 1775 546 1859 qui
576 1776 740 1861 arguitur,
771 1783 824 1840 est
846 1775 1107 1859 ponderandum.

62 1880 181 1966 Neque
215 1881 305 1946 enim
341 1887 453 1963 potest
484 1880 664 1964 quisquam
694 1887 848 1944 nostrum
883 1879 996 1944 subito
1026 1880 1108 1967 fingi
1145 1899 1160 1943 t

62 2008 170 2070 neque
195 1985 394 2068 cuiusquam
418 1991 554 2067 repente
573 1985 641 2049 vita
664 1985 787 2049 mutari
810 1991 870 2049 aut
893 1991 1012 2047 natura
1035 2006 1110 2048 con·

62 2091 159 2155 verti.
217 2088 473 2173 Circumspicite
504 2088 680 2173 paulisper,
704 2087 872 2152 mentibus
904 2089 1033 2165 vestris,
1066 2099 1105 2153 ut
1121 2093 1160 2155 70

61 2193 124 2257 alia
149 2195 331 2270 mittamus
356 2193 456 2258 hosce
487 2194 576 2276 ipsos
607 2192 766 2268 homines,
791 2193 850 2276 qui
874 2192 953 2256 huic
981 2191 1107 2258 adfines

60 2300 177 2364 sceleri
209 2297 358 2363 fuerunt.
405 2296 552 2361 Catilina
581 2304 697 2360 contra
727 2318 797 2361 rem
834 2295 1003 2380 publicam
1033 2319 1109 2361 con-

87 2481 132 2530 20.
144 2493 293 2544 persona:
305 2494 348 2530 see
358 2494 393 2530 on
403 2477 415 2536 i
425 2480 449 2528 8.
460 2479 483 2530 7.
505 2491 571 2526 sus·
596 2478 647 2528 ΙΙΙ.
663 2478 688 2526 7.
703 2479 739 2528 16,
764 2481 876 2527 contra
890 2481 1000 2539 atque:
1016 2493 1060 2528 see
1072 2494 1107 2530 on

60 2557 145 2620 cipit,
160 2557 239 2606 ‘does
252 2562 301 2606 not
313 2556 407 2615 admit,
421 2555 537 2618 jnstily.’
595 2554 711 2604 111.20.
733 2556 773 2605 30.
808 2567 858 2604 mo
880 2553 999 2615 aliquid
1022 2555 1107 2616 ipso:

92 2633 155 2690 §69.
175 2634 331 2682 'l‘ransition
350 2632 571 2693 tethalastpart
594 2631 637 2681 ior
653 2632 700 2681 the
722 2631 881 2680 collocation
904 2631 939 2680 ei.
965 2632 978 2692 ἓ
1003 2632 1039 2680 15.
1065 2634 1104 2681 20.

60 2712 89 2760 oi
108 2713 153 2759 the
173 2711 270 2771 speech
285 2707 324 2770 iii
346 2708 447 2769 69-88),
466 2709 514 2757 the
530 2722 572 2758 so·
593 2708 713 2755 animos
740 2710 931 2768 mentesque,
954 2709 1106 2770 constantly

60 2786 144 2835 called
155 2786 294 2848 probabile
314 2799 345 2834 ea
366 2787 423 2834 viia
443 2799 474 2834 or
493 2798 571 2846 argu·
592 2785 785 2834 combinedin
803 2784 897 2834 Latin:
916 2785 952 2834 ei.
974 2784 994 2833 l.
1015 2785 1061 2833 27.
1078 2787 1105 2844 43

60 2869 134 2911 ment
158 2864 228 2912 from
251 2863 298 2911 the
318 2862 458 2910 character
474 2861 503 2910 oi
524 2861 569 2909 the
593 2861 716 2923 properly
730 2875 803 2910 ruens
817 2861 840 2910 is
853 2860 983 2921 intellect,
998 2864 1106 2911 animas

59 2939 179 2988 accused.
216 2938 261 2987 All
280 2939 326 2987 the
344 2938 449 2987 Roman
467 2938 569 2986 writers
594 2937 712 2987 intellect
730 2938 783 2987 aud
808 2937 916 3001 feeling.
953 2938 1033 2988 ‘Saul
1051 2939 1104 2988 and

58 3029 93 3064 on
118 3017 232 3065 rhetoric
249 3029 327 3078 agree
344 3015 405 3064 that
422 3015 476 3064 this
493 3028 570 3076 argu·
591 3015 677 3075 mind,
698 3015 775 3064 heart
794 3015 848 3064 and
869 3014 947 3076 soul,'
968 3022 1029 3075 etc,
1052 3015 1103 3065 will

58 3099 134 3141 ment
156 3092 252 3141 should
275 3106 350 3141 come
370 3090 443 3152 early
467 3091 494 3140 in
522 3091 568 3141 the
591 3091 719 3142 translate
731 3093 806 3141 them
817 3091 891 3154 quite
902 3091 1069 3154 adequately.

58 3169 156 3231 speech
178 3167 282 3230 (Quint.
302 3169 346 3217 vii.
362 3170 385 3216 2.
400 3169 444 3218 27:
464 3181 526 3216 narn
545 3169 568 3216 is

58 3246 125 3295 ordo
143 3249 183 3294 est
200 3244 341 3304 arefacere
359 3243 483 3302 coluerit,
495 3246 569 3303 pote·
622 3244 683 3292 2-5.
707 3244 872 3306 memores,
893 3243 1033 3302 maiores,
1060 3244 1104 3295 ‘oi

57 3324 104 3382 rii,
122 3321 245 3382 fecerit),
270 3320 323 3369 and
343 3319 437 3369 Cicero
460 3320 568 3381 departs
591 3322 743 3370 ruorethan
755 3321 831 3370 usual
846 3327 967 3371 moment
984 3321 1038 3370 and
1056 3322 1104 3369 im-

58 3399 121 3447 herc
139 3399 209 3448 from
227 3397 273 3445 the
293 3396 349 3445 rnle
368 3396 433 3458 only
445 3396 566 3455 because,
591 3399 737 3458 por·tance.’
772 3396 883 3457 Neque
895 3396 978 3446 enlm
989 3399 1103 3458 potest,

59 3476 86 3522 in
99 3476 153 3522 this
166 3488 225 3522 ease
238 3473 267 3521 oi
279 3472 361 3533 Sulla,
373 3473 420 3521 the
428 3471 568 3532 probabile
591 3485 607 3519 a
628 3471 763 3533 proiouud
786 3471 903 3533 thought
926 3472 987 3521 that
1010 3471 1032 3520 is
1059 3486 1104 3520 ex-

59 3565 89 3600 ea
101 3553 159 3600 vita
170 3564 237 3612 gave
255 3549 301 3597 the
317 3550 376 3598 hest
393 3548 568 3617 opportunity
592 3548 696 3608 pressed
709 3548 852 3597 elsewhere
864 3548 898 3610 by
910 3547 1012 3598 Cicero.

59 3625 252 3675 fororatorical
265 3625 376 3687 display.
624 3625 637 3685 ξ
661 3625 699 3676 70.
731 3625 757 3682 8,
775 3623 801 3672 9.
830 3623 949 3674 adfines
976 3625 1102 3674 sceleri:

90 3701 189 3750 21-28.
207 3700 320 3749 faciam
344 3705 379 3749 ut
396 3737 401 3748 .
418 3737 424 3749 .
441 3738 447 3749 .
465 3700 569 3750 dicam
592 3702 633 3749 ior
644 3702 733 3750 dative
746 3702 780 3750 et.
796 3700 845 3751 IV.
859 3700 885 3750 6.
897 3702 940 3763 243
958 3702 1001 3751 ior
1018 3716 1034 3751 a
1051 3701 1103 3756 dit

63 3800 87 3828 =
96 3779 185 3831 dicam
196 3778 258 3840 (lut.
271 3777 364 3839 indic.)
375 3778 465 3828 alone:
478 3793 521 3830 see
534 3794 568 3828 on
592 3779 679 3828 lerant
691 3779 776 3857 aase§
793 3779 827 3830 Π.
842 3779 880 3829 45.
