2678 4260
439 262 520 314 oar.
545 266 633 326 10-10,
658 266 671 327 s
694 266 782 316 0001.
1119 255 1184 320 488

88 434 134 499 rei
161 434 313 519 publicae
339 435 423 498 nihil
447 437 562 520 prosit,
579 457 616 500 se
639 436 706 501 civi
730 458 800 501 rem
823 437 990 521 publicam
1012 439 1131 523 privet.

90 538 237 603 Consule
264 561 316 602 me
345 559 422 602 cum
450 546 538 603 esset
572 538 769 626 designatus
805 541 960 607 tribunus
991 542 1047 626 pl.‚
1079 544 1133 608 ob·

88 642 169 708 tulit
184 643 220 706 in
242 642 423 707 discrimen
447 644 550 708 vitam
575 666 689 718 suam3
714 644 803 707 dixit
825 666 898 708 eam
921 648 1133 724 sententiam,
1156 668 1186 712 25

87 746 184 810 cuius
200 746 363 812 invidiam
387 748 505 831 capitis
529 749 678 832 periculo
703 747 765 812 sibi
788 749 1021 832 praestandam
1043 751 1133 817 vide-

87 849 164 925 bat3
189 850 277 914 dixit
304 852 529 928 vehementer,
558 853 629 938 egit
659 853 788 928 acriter,
821 875 867 928 ea,
901 875 987 938 quae
1018 857 1133 933 sensit,

86 975 217 1038 praese
241 954 330 1031 tulit,
348 955 428 1032 dux,
446 962 572 1032 auctor,
590 964 682 1020 actor
698 978 807 1020 rerum
826 958 959 1021 illarum
973 957 1050 1035 fuit,
1064 982 1131 1024 non

86 1078 156 1141 quo
186 1059 374 1142 periculum
403 1079 504 1122 suum
534 1080 601 1122 non
628 1051 772 1135 videret,
804 1059 863 1124 sed
894 1061 928 1123 in
960 1068 1054 1125 tanta
1084 1064 1132 1128 rei

85 1161 238 1245 publicae
266 1153 467 1247 tempestate
495 1162 580 1226 nihil
602 1162 664 1226 sibi
688 1163 753 1227 nisi
777 1162 817 1228 de
833 1165 960 1248 patriae
976 1167 1134 1250 periculis
1157 1186 1186 1232 ao

13 1263 15 1267 ’
85 1265 302 1351 cogitandum
317 1266 469 1350 putabat.
1139 1261 1142 1264 ’

129 1387 232 1436 xxrx.
266 1371 479 1436 Consecutus
496 1378 548 1436 est
568 1372 677 1455 ipsius
698 1371 900 1437 tribunatus.
947 1373 1040 1452 Quid
1063 1397 1125 1462 ego
1146 1380 1186 1443 62

85 1473 127 1539 (10
148 1476 312 1562 singulari
336 1475 569 1562 magnitudine
593 1476 698 1539 animi
721 1477 794 1541 eius
817 1498 854 1541 ac
878 1477 919 1542 de
943 1479 1133 1544 incredibili

85 1580 213 1644 virtute
239 1579 375 1644 dicam?
420 1580 624 1645 Meministis
652 1581 750 1644 illum
778 1580 875 1658 diem,
904 1603 980 1647 oum
1007 1584 1132 1669 templo

85 1705 105 1746 a
129 1684 258 1770 collega
282 1691 455 1768 occupato,
472 1684 567 1748 nobis
591 1684 745 1748 omnibus
769 1683 900 1750 devita
923 1687 994 1751 eius
1011 1689 1074 1751 viri
1097 1696 1132 1753 et

85 1789 169 1854 civis
186 1787 384 1852 timentibus
401 1789 471 1872 ipse
484 1789 595 1851 animo
608 1788 797 1853 firmissimo
810 1791 953 1854 venitin
969 1793 1132 1876 templum
1154 1809 1170 1854 0

85 1899 120 1957 et
136 1893 313 1956 clamorem
328 1892 503 1956 hominum
519 1892 730 1966 auctoritato,
748 1893 900 1976 inpetum
916 1894 1132 1978 inproborum

84 1996 212 2061 virtute
243 1994 384 2060 sedavit.
430 1995 530 2059 Adiit
557 2002 631 2059 tum
658 1997 857 2079 periculum,
885 1997 946 2062 sed
976 1997 1059 2062 adiit
1089 2000 1131 2064 ob

85 2121 158 2164 earn
181 2120 325 2175 causam,
343 2120 428 2184 quae
453 2107 580 2184 quanta
603 2098 800 2175 incutiam
824 2100 905 2163 mihi
929 2101 1039 2167 dicere
1063 2124 1130 2167 non

85 2210 137 2270 est
152 2225 296 2268 necesse.
342 2203 392 2267 At
407 2203 436 2268 si
448 2203 505 2267 isti
520 2202 664 2288 Cypriae
676 2204 842 2289 rogationi
854 2204 1127 2273 sceleratissimae

84 2329 153 2372 non
176 2309 351 2393 paruisset,
369 2307 522 2372 haereret
544 2307 602 2370 illa
629 2306 735 2370 nihilo
762 2308 874 2372 minus
902 2310 950 2373 rei
978 2309 1130 2393 publicae
1154 2327 1184 2373 ro

85 2411 281 2496 turpitudo;
312 2432 416 2497 regno
440 2411 529 2476 enim
553 2412 618 2474 iarn
641 2410 812 2495 publicato
836 2410 876 2476 de
899 2413 973 2496 ipso
1001 2412 1129 2480 Catone

84 2522 156 2580 crat
186 2515 384 2579 nominatim
415 2523 581 2600 rogatum.
629 2514 729 2593 Quod
763 2516 820 2580 ille
850 2516 878 2580 si
910 2517 1128 2600 repudiasset,

116 2714 219 2764 23-30.
243 2726 278 2764 ee
295 2714 365 2771 civi,
391 2713 438 2763 ‘of
461 2727 478 2763 a
500 2715 597 2763 citizen
622 2716 681 2775 tro,
702 2726 745 2762 see
762 2727 787 2774 p.
805 2713 844 2775 71,
858 2712 870 2770 1
882 2715 922 2774 86,
936 2714 1067 2778 although
1083 2717 1131 2765 tlre

84 2790 139 2840 like
151 2790 262 2841 himself
273 2790 294 2839 :'
308 2804 368 2839 case
380 2791 409 2839 01
424 2791 490 2840 each
503 2791 598 2840 word?
621 2790 748 2850 templum
763 2789 886 2840 Castoris
907 2789 932 2852 (ἓ
951 2791 990 2839 34.
1007 2791 1047 2853 12)
1070 2806 1131 2855 may

84 2881 154 2918 eam
170 2867 371 2916 sententiam:
388 2881 432 2917 see
448 2881 475 2929 p.
485 2867 549 2929 38‚§
566 2867 597 2920 67
620 2866 652 2915 be
670 2871 769 2914 rneaut.
805 2865 971 2924 homiuum,
984 2867 1130 2929 inprobo·

84 2945 119 2993 ad
131 2944 177 2993 fin.
211 2955 286 3005 prae
297 2954 332 2992 ee
347 2943 436 2991 tulit:
454 2943 597 2992 1011110011-
619 2954 687 2990 rum
696 2942 764 2990 refer
772 2947 799 2991 to
812 2943 858 2991 the
866 2957 938 2991 same
948 2957 1068 3005 persons,
1076 2945 1130 2994 and

84 3021 132 3083 ing
154 3033 197 3070 see
219 3033 255 3068 on
275 3020 326 3081 Ep.
347 3019 383 3069 V.
407 3018 432 3067 3.
450 3020 490 3068 20.
534 3031 597 3068 non
620 3019 666 3068 the
678 3019 776 3068 second
788 3033 848 3082 gen.
864 3020 886 3067 is
900 3020 1016 3070 inserted
1030 3021 1130 3084 merely

84 3109 147 3158 quo
165 3131 170 3143 .
188 3130 194 3143 .
212 3130 217 3142 .
235 3095 306 3143 sed:
335 3095 409 3144 what
436 3095 458 3144 is
483 3095 596 3147 omitted
619 3100 648 3144 to
655 3096 768 3145 balance
776 3096 823 3144 tlre
832 3096 945 3145 llrstzct.
956 3096 1022 3147 Sall.
1032 3097 1078 3145 12.
1086 3100 1129 3157 26;

84 3172 150 3221 with
167 3172 237 3221 secli
265 3171 315 3220 See
326 3185 362 3223 on
375 3172 424 3233 Ep.
438 3171 517 3221 XIX.
530 3171 557 3222 1.
571 3172 594 3222 8.
620 3170 748 3232 11.1⁷.o;
761 3171 782 3220 Ι.
792 3171 838 3219 12.
846 3172 885 3220 28.
897 3176 1129 3234 quanta=qaom

83 3247 285 3297 nihilnislde.
309 3247 598 3309 01.Ι.17.26,011(1101
619 3249 702 3308 lacta,
727 3247 860 3310 regularly
882 3262 912 3297 so
941 3248 1007 3297 with
1032 3263 1124 3300 00000.

83 3324 236 3373 adifferent
247 3324 433 3374 construction
446 3323 482 3374 11.
496 3322 543 3372 10.
556 3324 594 3373 lt.
619 3334 699 3384 quae
723 3321 858 3385 (relative)
884 3327 1002 3385 quanta
1027 3324 1128 3382 tuerit,

621 3399 682 3448 ‘tlte
704 3399 801 3461 justice
819 3399 849 3450 01
871 3400 959 3449 which
973 3399 1000 3448 :’
1022 3399 1057 3450 cf.
1082 3401 1129 3452 tlre

116 3477 181 3538 §aa
200 3477 260 3526 1-8.
277 3477 470 3525 tribunatus:
494 3476 596 3526 when?
618 3473 721 3524 similar
732 3475 787 3524 ind.
802 3479 887 3536 quest.
902 3476 930 3524 in
945 3475 996 3525 ΙΙΙ,
1010 3475 1035 3524 3.
1048 3478 1079 3525 22
1090 3476 1110 3526 f.

82 3553 171 3600 illum
194 3553 284 3610 diem,
305 3553 384 3602 when
408 3552 476 3603 Cato
498 3551 594 3601 vetoed
649 3550 750 3599 10-12.
767 3550 1127 3613 haereretreipublicae:

83 3630 130 3679 the
152 3629 277 3692 proposal
295 3629 324 3678 01
346 3629 389 3678 his
405 3629 540 3690 colleague
561 3627 592 3688 Q.
618 3627 664 3676 the
676 3626 766 3676 dative
776 3628 798 3676 is
808 3641 866 3676 rare
876 3627 941 3677 with
951 3629 1071 3688 haerere,
1086 3629 1128 3678 101

83 3706 210 3756 Metellus
221 3711 250 3755 to
261 3705 341 3755 recall
354 3705 509 3766 Pompeius,
518 3718 544 3766 p.
553 3704 592 3753 39.
617 3704 663 3754 tlre
675 3703 753 3752 usual
765 3704 949 3754 construction
961 3704 995 3754 ci.
1011 3704 1032 3753 I.
1044 3704 1089 3753 13.
1101 3705 1124 3757 7.

82 3777 147 3841 110.
172 3782 300 3846 templo,
319 3780 449 3845 probably
470 3781 516 3830 the
538 3793 594 3831 ros·
617 3778 717 3839 Quod¹
739 3779 872 3843 referring
892 3784 921 3831 to
948 3781 996 3830 the
1016 3779 1126 3845 implied
