2678 4260
98 182 114 215 x
140 233 203 297 112
381 247 522 296 ounrio
546 247 586 295 iu
609 245 821 294 cn'ritrmnu
845 241 1026 293 secunus.

153 419 301 502 tipsurn
332 417 561 504 egredientem
592 418 702 482 verbis
734 418 903 501 prosecuti
942 438 1069 480 sumus.
1132 415 1189 479 Ab

190 523 345 598 excessit,
363 523 478 598 evasit,
496 523 617 606 erupit.
664 522 696 584 N
699 523 769 584 ulla
793 522 857 584 iarn
875 522 1037 605 pernicies
1054 542 1073 583 a
1090 540 1192 583 mons.

190 628 248 691 illo
273 636 375 711 atque
400 626 553 713 prodigio
579 626 752 690 moenibus
781 626 859 708 ipsis
888 627 975 688 intra
1000 625 1132 688 moenia
1155 646 1194 688 oo

190 731 369 817 parabitur.
430 731 547 816 Atque
585 731 675 794 huno
715 729 851 814 quidem
889 751 996 791 unum
1027 729 1128 792 huius
1159 727 1196 792 bc

190 835 364 900 domestici
380 835 499 899 ducem
515 836 586 900 sine
603 835 829 899 controversia
852 835 1003 898 vicimus.
1049 832 1126 895 Non
1150 854 1198 896 eu:

140 955 168 1000 10
191 941 255 1003 iem
285 941 373 1004 inter
403 940 507 1003 latera
538 947 652 1003 nostra
681 940 749 1003 sica
780 939 839 1000 ille
877 937 1073 1012 versabitur,
1105 958 1172 1000 non

191 1065 316 1128 campo,
345 1065 411 1108 non
442 1045 478 1106 in
505 1042 588 1119 foro,
614 1065 681 1106 non
704 1044 739 1105 in
761 1043 862 1117 curia,
886 1063 953 1104 non
977 1040 1122 1125 denique
1151 1042 1201 1103 int

191 1147 389 1212 domesticos
415 1148 559 1232 parietes
591 1148 873 1230 pertimescemus.
922 1145 1010 1208 Loco
1039 1145 1096 1208 ille
1128 1152 1203 1207 mot*

191 1259 348 1325 osteum
372 1260 484 1315 estex
508 1251 587 1315 urbe
604 1249 774 1334 depulsus.
822 1249 938 1312 Palam
962 1250 1029 1312 iam
1051 1269 1128 1312 oum
1145 1248 1204 1311 hos

191 1355 285 1418 nullo
309 1355 500 1440 inpediente
525 1355 651 1419 bellum
675 1355 801 1417 iustum
824 1375 989 1440 geremus.
1035 1351 1113 1416 Sine
1138 1351 1207 1416 dub

140 1474 168 1518 15
191 1458 396 1543 perdidimus
413 1459 580 1524 hominem
605 1458 849 1545 magnificeque
872 1458 1025 1533 vicimus,
1046 1478 1120 1521 cum
1141 1456 1209 1519 illu:

191 1585 232 1626 cx
250 1563 389 1627 occultis
406 1563 537 1627 insidiis
556 1565 588 1626 in
613 1571 767 1647 apertum
790 1562 1004 1626 latrocinium
1026 1561 1210 1625 coniecimu

154 1669 174 1731 2
190 1666 291 1745 Quod
307 1690 386 1731 vero
403 1689 469 1730 non
486 1675 665 1732 cruentum
682 1688 885 1742 mucronem,
904 1675 943 1730 ut
965 1666 1086 1741 voluit,
1104 1665 1213 1730 extuli

192 1771 283 1854 quod
305 1772 391 1835 vivis
413 1771 508 1835 nobis
530 1793 682 1858 egressus
704 1778 766 1846 est,
793 1769 885 1854 quod
904 1771 934 1834 ei
954 1769 1081 1834 ferrum
1100 1791 1117 1834 e
1140 1790 1216 1832 man

191 1873 252 1939 bus
278 1876 490 1952 extorsimus,
516 1875 608 1961 quod
638 1876 822 1939 incolumes
851 1875 952 1949 cives,
981 1872 1073 1958 quod
1094 1879 1217 1938 stantes

221 2106 247 2163 5,
259 2106 284 2155 6.
301 2107 403 2169 ipsum
415 2131 439 2155 :
449 2122 500 2156 suo
509 2111 611 2168 sponte,
620 2107 701 2167 ultro,
713 2108 716 2121 ¹
728 2105 775 2154 ‘be
788 2106 873 2168 busy.’
908 2106 941 2155 in
953 2118 1071 2168 campo,
1080 2107 1154 2156 what
1165 2120 1221 2157 occa

190 2198 219 2232 as
226 2185 379 2233 sometimes
391 2185 419 2232 in
429 2184 570 2246 colloquial
580 2184 701 2246 English.
726 2183 817 2232 sionis
830 2183 945 2232 meant?
968 2184 1017 2232 See
1029 2198 1064 2249 on
1078 2179 1164 2242 1.,11.'
1176 2185 1223 2244 16)

190 2257 294 2306 verbis
312 2258 472 2319 prosecuti
491 2270 605 2315 sumus,
623 2258 704 2306 iconi·
725 2261 758 2308 in
775 2261 867 2318 curia,
883 2263 930 2310 the
944 2261 1030 2311 Curia
1048 2261 1179 2322 Hostilia,
1193 2261 1224 2311 th

189 2331 243 2393 0³¹3
262 2338 344 2394 quote
367 2345 383 2379 a
405 2331 637 2380 Similal'ironical
659 2346 704 2380 ex·
726 2337 839 2399 original
852 2344 945 2386 senate
957 2338 1053 2397 house3
1070 2351 1113 2386 see
1124 2336 1226 2386 PlanE

189 2409 310 2471 pression
327 2408 398 2456 from
423 2408 456 2467 L,
483 2407 527 2455 21·
547 2409 585 2456 43.
623 2408 704 2458 What
727 2414 753 2462 lt
765 2428 818 2463 uvas
831 2414 900 2463 built
913 2414 948 2475 by
961 2413 1055 2462 Tullus
1067 2413 1211 2463 Hostilius.

189 2499 234 2534 are
266 2485 312 2533 the
347 2485 427 2533 cerba
457 2485 492 2532 he
525 2485 621 2546 speaks
649 2485 678 2533 oi
690 2485 704 2534 t
757 2486 802 2534 12.
820 2486 1228 2547 domesticosparietes,‘th

188 2558 286 2615 Abiit,
306 2559 452 2615 excessit,
469 2559 577 2614 evasit,
595 2559 703 2620 erupit,
726 2562 801 2611 walls
828 2562 858 2612 oi
886 2576 935 2612 our
957 2575 1017 2611 own
1035 2561 1151 2610 houses.'
1186 2562 1230 2610 En

189 2635 236 2684 the
258 2635 320 2684 iour
342 2635 428 2684 words
451 2640 544 2684 arcto
566 2635 598 2683 he
621 2636 800 2699 takenpplain
820 2639 867 2688 the
890 2638 1037 2688 difference
1060 2639 1088 2687 in
1111 2637 1232 2703 meaning

189 2709 217 2758 in
241 2714 294 2757 two
316 2709 397 2771 paics,
418 2710 472 2769 i.e.,
494 2710 559 2758 with
583 2724 599 2757 a
622 2700 846 2779 slightlbetween
866 2716 988 2774 parietes
1011 2713 1066 2761 and
1089 2713 1232 2775 inconibus

188 2799 271 2847 pause
294 2786 365 2834 after
385 2788 518 2847 κωπίω
541 2799 586 2834 see
609 2800 643 2834 on
668 2786 742 2844 Isti.
762 2789 785 2842 7.
821 2789 907 2838 Loco
925 2793 1032 2838 motus
1051 2792 1106 2845 est,
1121 2788 1232 2839 ‘henas

188 2861 233 2910 10.
242 2862 266 2919 8,
287 2861 341 2910 aud
359 2868 439 2923 quote
462 2876 477 2910 a
499 2861 609 2924 parallel
632 2862 702 2909 from
725 2867 816 2915 forced
850 2866 920 2916 from
953 2866 1073 2928 position
1111 2864 1232 2928 (ventags

188 2938 221 2999 I.‚
242 2935 289 2987 32.
307 2939 346 2987 26.
383 2938 470 2987 There
495 2938 518 2987 is
540 2951 576 2987 no
593 2937 700 2987 climax.
724 2943 828 3006 ground
840 2943 868 3004 l',
879 2957 895 2991 a
906 2943 1004 3005 phrase
1017 2942 1155 2992 horrowed
1167 2943 1232 2991 from

187 3013 282 3062 Nulla
302 3013 370 3071 iam,
388 3014 438 3062 ‘no
461 3014 572 3077 longei·‚’
597 3028 613 3062 a
633 3013 702 3063 little
724 3019 771 3068 the
793 3018 947 3082 gladiators’
972 3019 1153 3081 vocabulary;
1176 3019 1232 3082 give

187 3104 261 3140 more
284 3091 421 3152 emphatic
439 3091 506 3139 than
526 3105 580 3140 non
596 3092 661 3151 iarn,
682 3091 698 3138 l.
724 3099 777 3142 two
797 3094 876 3142 other
896 3093 983 3142 words
1005 3093 1077 3142 from
1096 3092 1144 3141 the
1163 3106 1232 3143 same

187 3169 215 3229 93
230 3168 264 3217 cf.
284 3167 317 3228 I.,
329 3166 375 3215 16.
387 3168 410 3216 3.
723 3181 825 3225 source,
838 3168 871 3227 I.‚
886 3167 932 3215 15.
944 3167 1031 3216 32-34

219 3242 245 3292 9.
263 3242 437 3299 domestici,
457 3241 551 3291 ‘civil’
587 3242 630 3291 Do
653 3248 700 3292 not
754 3243 799 3292 14.
817 3243 935 3293 bellum
963 3243 1087 3300 iustum,
1115 3241 1232 3306 ‘regulas

188 3318 317 3368 translate
334 3319 381 3367 the
393 3319 466 3367 word
484 3318 517 3380 by
531 3317 698 3369 ‘domestic’
723 3317 796 3378 war,’
811 3318 866 3378 i.e.,
877 3317 984 3380 against
996 3330 1030 3365 an
1044 3331 1114 3379 open
1125 3317 1180 3366 and
1192 3317 1232 3367 de

187 3395 254 3444 sine
272 3395 523 3443 controversia:
533 3396 592 3444 siric
609 3395 697 3455 dabie,
721 3393 809 3443 clared
822 3408 925 3455 enemy,
940 3393 1059 3455 opposed
1076 3399 1105 3442 to
1122 3392 1232 3444 ‘tumul

189 3469 319 3519 ‘without
353 3467 456 3528 doubt,'
480 3440 785 3531 ‘undoubtedly,’ltus’
816 3471 870 3520 and
901 3469 1116 3520 ‘latrocinium’
1153 3469 1232 3536 *Sine

189 3543 307 3604 ‘beyond
320 3541 464 3604 question’
722 3546 819 3595 dubio
834 3570 860 3596 =
874 3547 948 3596 what
960 3547 1057 3608 phrase
1069 3547 1177 3596 above?

218 3618 320 3674 10,11.
338 3618 404 3667 sica
415 3617 475 3675 illa,
487 3615 551 3666 ‘the
571 3620 697 3679 farnous,’
755 3623 768 3684 ξ
781 3625 803 3672 2.
823 3622 869 3671 18.
887 3622 987 3679 nobis,
1000 3622 1051 3671 ahl.
1066 3623 1121 3672 ahs.
1141 3621 1171 3672 el
1184 3659 1190 3672 .
1201 3659 1212 3673 -.
1225 3658 1232 3675 .

186 3710 203 3745 a
224 3708 349 3745 common
372 3696 501 3758 meaning
522 3698 553 3745 oi
579 3697 637 3757 illc;
658 3696 701 3745 ior
710 3710 738 3773 Ιο
751 3699 902 3757 manibus,
915 3699 1012 3751 cases?
1034 3698 1084 3751 See
1096 3713 1132 3751 on
1144 3699 1176 3761 1,
1189 3697 1232 3749 16.

185 3771 253 3826 sica.
270 3770 306 3818 ci.
328 3768 361 3826 1.,
378 3767 424 3816 16.
441 3769 480 3819 35.
515 3769 760 3821 versabitur.i35,
