<?xml version="1.0" encoding="UTF-8"?>
<!DOCTYPE html PUBLIC "-//W3C//DTD XHTML 1.0 Transitional//EN"
    "http://www.w3.org/TR/xhtml1/DTD/xhtml1-transitional.dtd">
<html xmlns="http://www.w3.org/1999/xhtml" xml:lang="en" lang="en">
 <head>
  <title>
</title>
<meta http-equiv="Content-Type" content="text/html;charset=utf-8" />
  <meta name='ocr-system' content='tesseract 3.04.00' />
  <meta name='ocr-capabilities' content='ocr_page ocr_carea ocr_par ocr_line ocrx_word'/>
</head>
<body>
  <div class='ocr_page' id='page_1' title='image "./selectedoration00cicegoog_0353.png"; bbox 0 0 2678 4260; ppageno 0'>
   <div class='ocr_carea' id='block_1_1' title="bbox 200 245 988 312">
    <p class='ocr_par' dir='ltr' id='par_1_1' title="bbox 200 245 988 312">
     <span class='ocr_line' id='line_1_1' title="bbox 200 245 988 312; baseline -0.001 -1"><span class='ocrx_word' id='word_1_1' title='bbox 200 245 263 312; x_wconf 78' lang='lat'>370</span> <span class='ocrx_word' id='word_1_2' title='bbox 558 259 765 312; x_wconf 77' lang='lat' dir='ltr'>nersroaan</span> <span class='ocrx_word' id='word_1_3' title='bbox 789 258 988 312; x_wconf 78' lang='lat' dir='ltr'>srtncran.</span> 
     </span>
    </p>
   </div>
   <div class='ocr_carea' id='block_1_2' title="bbox 197 430 1298 2286">
    <p class='ocr_par' dir='ltr' id='par_1_2' title="bbox 197 430 1298 2286">
     <span class='ocr_line' id='line_1_2' title="bbox 251 430 1297 517; baseline 0.002 -21"><span class='ocrx_word' id='word_1_4' title='bbox 251 430 378 497; x_wconf 87' lang='lat' dir='ltr'>iudices</span> <span class='ocrx_word' id='word_1_5' title='bbox 416 431 641 508; x_wconf 86' lang='lat' dir='ltr'>crediderunt,</span> <span class='ocrx_word' id='word_1_6' title='bbox 680 449 799 509; x_wconf 74' lang='lat' dir='ltr'>xxxa,</span> <span class='ocrx_word' id='word_1_7' title='bbox 832 432 990 517; x_wconf 91' lang='lat' dir='ltr'>quoniam</span> <span class='ocrx_word' id='word_1_8' title='bbox 1026 453 1180 498; x_wconf 87' lang='lat' dir='ltr'>nummos</span> <span class='ocrx_word' id='word_1_9' title='bbox 1217 439 1297 498; x_wconf 85' lang='lat' dir='ltr'>ante</span> 
     </span>
     <span class='ocr_line' id='line_1_3' title="bbox 250 535 1297 623; baseline 0.002 -23"><span class='ocrx_word' id='word_1_10' title='bbox 250 545 462 620; x_wconf 83' lang='lat' dir='ltr'>acceperunt,</span> <span class='ocrx_word' id='word_1_11' title='bbox 478 535 538 600; x_wconf 93' lang='lat' dir='ltr'>tibi</span> <span class='ocrx_word' id='word_1_12' title='bbox 554 536 640 600; x_wconf 84' lang='lat' dir='ltr'>nihil</span> <span class='ocrx_word' id='word_1_13' title='bbox 656 535 901 601; x_wconf 81' lang='lat' dir='ltr'>crediderunt.‘&#39;</span> <span class='ocrx_word' id='word_1_14' title='bbox 948 536 1081 623; x_wconf 82' lang='lat' dir='ltr'><strong>Magnis</strong></span> <span class='ocrx_word' id='word_1_15' title='bbox 1096 536 1297 602; x_wconf 90' lang='lat' dir='ltr'>clamoribus</span> 
     </span>
     <span class='ocr_line' id='line_1_4' title="bbox 200 639 1298 707; baseline 0.001 -2"><span class='ocrx_word' id='word_1_16' title='bbox 200 643 235 705; x_wconf 91' lang='lat'>11</span> <span class='ocrx_word' id='word_1_17' title='bbox 249 639 393 706; x_wconf 89' lang='lat' dir='ltr'>afflictus</span> <span class='ocrx_word' id='word_1_18' title='bbox 409 641 573 706; x_wconf 79' lang='lat' dir='ltr'>conticuit</span> <span class='ocrx_word' id='word_1_19' title='bbox 588 649 622 706; x_wconf 91' lang='lat' dir='ltr'>et</span> <span class='ocrx_word' id='word_1_20' title='bbox 644 639 800 705; x_wconf 90' lang='lat' dir='ltr'>concidit.</span> <span class='ocrx_word' id='word_1_21' title='bbox 846 639 969 705; x_wconf 89' lang='lat' dir='ltr'>Noster</span> <span class='ocrx_word' id='word_1_22' title='bbox 984 649 1097 706; x_wconf 90' lang='lat' dir='ltr'>autem</span> <span class='ocrx_word' id='word_1_23' title='bbox 1111 649 1221 706; x_wconf 88' lang='lat' dir='ltr'>status</span> <span class='ocrx_word' id='word_1_24' title='bbox 1245 649 1298 707; x_wconf 89' lang='lat' dir='ltr'>est</span> 
     </span>
     <span class='ocr_line' id='line_1_5' title="bbox 199 743 1296 832; baseline 0.002 -24"><span class='ocrx_word' id='word_1_25' title='bbox 199 745 322 811; x_wconf 82' lang='lat' dir='ltr'>rachio:</span> <span class='ocrx_word' id='word_1_26' title='bbox 354 744 444 832; x_wconf 92' lang='lat' dir='ltr'>apud</span> <span class='ocrx_word' id='word_1_27' title='bbox 475 745 577 810; x_wconf 90' lang='lat' dir='ltr'>bonos</span> <span class='ocrx_word' id='word_1_28' title='bbox 609 743 710 809; x_wconf 92' lang='lat' dir='ltr'>iidem</span> <span class='ocrx_word' id='word_1_29' title='bbox 736 766 863 821; x_wconf 87' lang='lat' dir='ltr'>sumus,</span> <span class='ocrx_word' id='word_1_30' title='bbox 892 767 976 830; x_wconf 91' lang='lat' dir='ltr'>quos</span> <span class='ocrx_word' id='word_1_31' title='bbox 999 745 1177 830; x_wconf 79' lang='lat' dir='ltr'>reliquisti,</span> <span class='ocrx_word' id='word_1_32' title='bbox 1205 745 1296 831; x_wconf 90' lang='lat' dir='ltr'>apud</span> 
     </span>
     <span class='ocr_line' id='line_1_6' title="bbox 249 847 1295 935; baseline -0.003 -19"><span class='ocrx_word' id='word_1_33' title='bbox 249 850 380 916; x_wconf 82' lang='lat' dir='ltr'><strong>sordem</strong></span> <span class='ocrx_word' id='word_1_34' title='bbox 413 850 503 914; x_wconf 88' lang='lat' dir='ltr'>urbis</span> <span class='ocrx_word' id='word_1_35' title='bbox 534 857 570 914; x_wconf 91' lang='lat' dir='ltr'>et</span> <span class='ocrx_word' id='word_1_36' title='bbox 599 847 727 914; x_wconf 83' lang='lat' dir='ltr'>faecem</span> <span class='ocrx_word' id='word_1_37' title='bbox 757 849 864 913; x_wconf 88' lang='lat' dir='ltr'>multo</span> <span class='ocrx_word' id='word_1_38' title='bbox 903 849 1023 915; x_wconf 92' lang='lat' dir='ltr'>melius</span> <span class='ocrx_word' id='word_1_39' title='bbox 1062 871 1162 926; x_wconf 83' lang='lat' dir='ltr'>nunc,</span> <span class='ocrx_word' id='word_1_40' title='bbox 1194 871 1295 935; x_wconf 91' lang='lat' dir='ltr'>quam</span> 
     </span>
     <span class='ocr_line' id='line_1_7' title="bbox 250 952 1296 1039; baseline -0.001 -19"><span class='ocrx_word' id='word_1_41' title='bbox 250 955 437 1039; x_wconf 84' lang='lat' dir='ltr'>reliquisti3</span> <span class='ocrx_word' id='word_1_42' title='bbox 468 961 604 1018; x_wconf 91' lang='lat' dir='ltr'>namet</span> <span class='ocrx_word' id='word_1_43' title='bbox 630 953 717 1017; x_wconf 90' lang='lat' dir='ltr'>illud</span> <span class='ocrx_word' id='word_1_44' title='bbox 744 952 838 1018; x_wconf 86' lang='lat' dir='ltr'>nohis</span> <span class='ocrx_word' id='word_1_45' title='bbox 865 975 934 1018; x_wconf 93' lang='lat' dir='ltr'>non</span> <span class='ocrx_word' id='word_1_46' title='bbox 961 952 1065 1030; x_wconf 88' lang='lat' dir='ltr'>obest,</span> <span class='ocrx_word' id='word_1_47' title='bbox 1093 952 1200 1020; x_wconf 90' lang='lat' dir='ltr'>videri</span> <span class='ocrx_word' id='word_1_48' title='bbox 1223 974 1296 1019; x_wconf 90' lang='lat' dir='ltr'>nos·</span> 
     </span>
     <span class='ocr_line' id='line_1_8' title="bbox 251 1058 1294 1146; baseline 0 -23"><span class='ocrx_word' id='word_1_49' title='bbox 251 1066 340 1123; x_wconf 92' lang='lat' dir='ltr'>trum</span> <span class='ocrx_word' id='word_1_50' title='bbox 371 1059 601 1124; x_wconf 90' lang='lat' dir='ltr'>testimonium</span> <span class='ocrx_word' id='word_1_51' title='bbox 631 1079 699 1146; x_wconf 89' lang='lat' dir='ltr'>non</span> <span class='ocrx_word' id='word_1_52' title='bbox 730 1058 893 1123; x_wconf 86' lang='lat' dir='ltr'>valuisse:</span> <span class='ocrx_word' id='word_1_53' title='bbox 926 1058 1047 1123; x_wconf 91' lang='lat' dir='ltr'>missus</span> <span class='ocrx_word' id='word_1_54' title='bbox 1077 1064 1130 1123; x_wconf 88' lang='lat' dir='ltr'>est</span> <span class='ocrx_word' id='word_1_55' title='bbox 1157 1059 1294 1145; x_wconf 86' lang='lat' dir='ltr'>sanguis</span> 
     </span>
     <span class='ocr_line' id='line_1_9' title="bbox 198 1161 1295 1248; baseline 0.001 -23"><span class='ocrx_word' id='word_1_56' title='bbox 198 1181 241 1226; x_wconf 86' lang='lat' dir='ltr'>1ao</span> <span class='ocrx_word' id='word_1_57' title='bbox 250 1162 394 1227; x_wconf 89' lang='lat' dir='ltr'>invidiae</span> <span class='ocrx_word' id='word_1_58' title='bbox 425 1164 496 1228; x_wconf 91' lang='lat' dir='ltr'>sine</span> <span class='ocrx_word' id='word_1_59' title='bbox 527 1161 650 1238; x_wconf 85' lang='lat' dir='ltr'>dolore,</span> <span class='ocrx_word' id='word_1_60' title='bbox 682 1169 784 1246; x_wconf 93' lang='lat' dir='ltr'>atque</span> <span class='ocrx_word' id='word_1_61' title='bbox 823 1162 924 1226; x_wconf 92' lang='lat' dir='ltr'>etiam</span> <span class='ocrx_word' id='word_1_62' title='bbox 961 1161 1023 1226; x_wconf 92' lang='lat' dir='ltr'>hoc</span> <span class='ocrx_word' id='word_1_63' title='bbox 1054 1161 1172 1248; x_wconf 85' lang='lat' dir='ltr'>magis,</span> <span class='ocrx_word' id='word_1_64' title='bbox 1203 1161 1295 1246; x_wconf 93' lang='lat' dir='ltr'>quod</span> 
     </span>
     <span class='ocr_line' id='line_1_10' title="bbox 250 1261 1295 1350; baseline 0.002 -22"><span class='ocrx_word' id='word_1_65' title='bbox 250 1286 363 1329; x_wconf 90' lang='lat' dir='ltr'>omnes</span> <span class='ocrx_word' id='word_1_66' title='bbox 380 1265 430 1328; x_wconf 93' lang='lat' dir='ltr'>illi</span> <span class='ocrx_word' id='word_1_67' title='bbox 447 1264 595 1329; x_wconf 73' lang='lat' dir='ltr'>fautores</span> <span class='ocrx_word' id='word_1_68' title='bbox 612 1264 705 1328; x_wconf 92' lang='lat' dir='ltr'>illius</span> <span class='ocrx_word' id='word_1_69' title='bbox 731 1261 850 1350; x_wconf 84' lang='lat' dir='ltr'>fiagitii</span> <span class='ocrx_word' id='word_1_70' title='bbox 873 1285 943 1328; x_wconf 91' lang='lat' dir='ltr'>rem</span> <span class='ocrx_word' id='word_1_71' title='bbox 966 1262 1179 1329; x_wconf 73' lang='lat' dir='ltr'>manifestam</span> <span class='ocrx_word' id='word_1_72' title='bbox 1202 1264 1295 1330; x_wconf 90' lang='lat' dir='ltr'>illam</span> 
     </span>
     <span class='ocr_line' id='line_1_11' title="bbox 249 1365 1293 1453; baseline 0 -21"><span class='ocrx_word' id='word_1_73' title='bbox 249 1368 455 1453; x_wconf 76' lang='lat' dir='ltr'>redemptam</span> <span class='ocrx_word' id='word_1_74' title='bbox 471 1389 542 1433; x_wconf 87' lang='lat' dir='ltr'>esse</span> <span class='ocrx_word' id='word_1_75' title='bbox 562 1390 581 1432; x_wconf 91' lang='lat' dir='ltr'>a</span> <span class='ocrx_word' id='word_1_76' title='bbox 605 1367 772 1432; x_wconf 87' lang='lat' dir='ltr'>iudicibus</span> <span class='ocrx_word' id='word_1_77' title='bbox 797 1366 1019 1442; x_wconf 66' lang='lat' dir='ltr'>confitentum</span> <span class='ocrx_word' id='word_1_78' title='bbox 1042 1365 1174 1433; x_wconf 88' lang='lat' dir='ltr'>accedit</span> <span class='ocrx_word' id='word_1_79' title='bbox 1196 1366 1293 1444; x_wconf 90' lang='lat' dir='ltr'>illud,</span> 
     </span>
     <span class='ocr_line' id='line_1_12' title="bbox 250 1471 1295 1557; baseline 0 -21"><span class='ocrx_word' id='word_1_80' title='bbox 250 1472 341 1557; x_wconf 92' lang='lat' dir='ltr'>quod</span> <span class='ocrx_word' id='word_1_81' title='bbox 365 1473 424 1536; x_wconf 88' lang='lat' dir='ltr'>illa</span> <span class='ocrx_word' id='word_1_82' title='bbox 450 1473 652 1537; x_wconf 87' lang='lat' dir='ltr'>concionalis</span> <span class='ocrx_word' id='word_1_83' title='bbox 680 1471 800 1535; x_wconf 84' lang='lat' dir='ltr'>hirudo</span> <span class='ocrx_word' id='word_1_84' title='bbox 826 1471 954 1548; x_wconf 89' lang='lat' dir='ltr'>aerarii,</span> <span class='ocrx_word' id='word_1_85' title='bbox 978 1472 1099 1537; x_wconf 80' lang='lat' dir='ltr'>misem</span> <span class='ocrx_word' id='word_1_86' title='bbox 1120 1493 1159 1536; x_wconf 88' lang='lat' dir='ltr'>ac</span> <span class='ocrx_word' id='word_1_87' title='bbox 1182 1472 1295 1536; x_wconf 88' lang='lat' dir='ltr'>ieiuna</span> 
     </span>
     <span class='ocr_line' id='line_1_13' title="bbox 249 1574 1294 1662; baseline 0.002 -23"><span class='ocrx_word' id='word_1_88' title='bbox 249 1576 431 1661; x_wconf 76' lang='lat' dir='ltr'>plebecula,</span> <span class='ocrx_word' id='word_1_89' title='bbox 462 1598 513 1641; x_wconf 92' lang='lat' dir='ltr'>me</span> <span class='ocrx_word' id='word_1_90' title='bbox 545 1576 586 1641; x_wconf 93' lang='lat' dir='ltr'>ab</span> <span class='ocrx_word' id='word_1_91' title='bbox 616 1576 677 1641; x_wconf 88' lang='lat' dir='ltr'>hoc</span> <span class='ocrx_word' id='word_1_92' title='bbox 708 1576 834 1662; x_wconf 87' lang='lat' dir='ltr'>Magno</span> <span class='ocrx_word' id='word_1_93' title='bbox 865 1575 962 1640; x_wconf 89' lang='lat' dir='ltr'>unice</span> <span class='ocrx_word' id='word_1_94' title='bbox 993 1574 1091 1662; x_wconf 86' lang='lat' dir='ltr'>diligi</span> <span class='ocrx_word' id='word_1_95' title='bbox 1120 1583 1229 1661; x_wconf 85' lang='lat' dir='ltr'>putat,</span> <span class='ocrx_word' id='word_1_96' title='bbox 1260 1583 1294 1641; x_wconf 90' lang='lat' dir='ltr'>et</span> 
     </span>
     <span class='ocr_line' id='line_1_14' title="bbox 197 1679 1295 1746; baseline 0 -2"><span class='ocrx_word' id='word_1_97' title='bbox 197 1689 240 1745; x_wconf 75' lang='lat' dir='ltr'>rai</span> <span class='ocrx_word' id='word_1_98' title='bbox 249 1681 383 1746; x_wconf 93' lang='lat' dir='ltr'>hercule</span> <span class='ocrx_word' id='word_1_99' title='bbox 401 1681 507 1744; x_wconf 90' lang='lat' dir='ltr'>multa</span> <span class='ocrx_word' id='word_1_100' title='bbox 522 1687 557 1745; x_wconf 91' lang='lat' dir='ltr'>et</span> <span class='ocrx_word' id='word_1_101' title='bbox 572 1679 720 1745; x_wconf 91' lang='lat' dir='ltr'>iucunda</span> <span class='ocrx_word' id='word_1_102' title='bbox 743 1680 987 1744; x_wconf 90' lang='lat' dir='ltr'>consuetudine</span> <span class='ocrx_word' id='word_1_103' title='bbox 1011 1679 1184 1744; x_wconf 89' lang='lat' dir='ltr'>coniuncti</span> <span class='ocrx_word' id='word_1_104' title='bbox 1207 1681 1295 1746; x_wconf 90' lang='lat' dir='ltr'>inter</span> 
     </span>
     <span class='ocr_line' id='line_1_15' title="bbox 248 1784 1295 1871; baseline 0 -23"><span class='ocrx_word' id='word_1_105' title='bbox 248 1807 308 1850; x_wconf 90' lang='lat' dir='ltr'>nos</span> <span class='ocrx_word' id='word_1_106' title='bbox 324 1807 451 1862; x_wconf 90' lang='lat' dir='ltr'>sumus,</span> <span class='ocrx_word' id='word_1_107' title='bbox 469 1806 575 1871; x_wconf 87' lang='lat' dir='ltr'>usque</span> <span class='ocrx_word' id='word_1_108' title='bbox 592 1807 641 1861; x_wconf 85' lang='lat' dir='ltr'>ec,</span> <span class='ocrx_word' id='word_1_109' title='bbox 653 1792 693 1849; x_wconf 93' lang='lat' dir='ltr'>ut</span> <span class='ocrx_word' id='word_1_110' title='bbox 708 1785 812 1849; x_wconf 88' lang='lat' dir='ltr'>nostri</span> <span class='ocrx_word' id='word_1_111' title='bbox 829 1784 886 1847; x_wconf 91' lang='lat' dir='ltr'>isti</span> <span class='ocrx_word' id='word_1_112' title='bbox 901 1785 1130 1849; x_wconf 76' lang='lat' dir='ltr'>comissatores</span> <span class='ocrx_word' id='word_1_113' title='bbox 1146 1785 1295 1849; x_wconf 89' lang='lat' dir='ltr'>coniura-</span> 
     </span>
     <span class='ocr_line' id='line_1_16' title="bbox 249 1886 1296 1965; baseline 0.001 -12"><span class='ocrx_word' id='word_1_114' title='bbox 249 1889 360 1965; x_wconf 77' lang='lat' dir='ltr'>tionis,</span> <span class='ocrx_word' id='word_1_115' title='bbox 378 1889 544 1953; x_wconf 88' lang='lat' dir='ltr'>barbatuli</span> <span class='ocrx_word' id='word_1_116' title='bbox 561 1890 711 1963; x_wconf 85' lang='lat' dir='ltr'>iuvenes,</span> <span class='ocrx_word' id='word_1_117' title='bbox 732 1888 826 1952; x_wconf 92' lang='lat' dir='ltr'>illum</span> <span class='ocrx_word' id='word_1_118' title='bbox 845 1888 879 1950; x_wconf 93' lang='lat' dir='ltr'>in</span> <span class='ocrx_word' id='word_1_119' title='bbox 896 1887 1104 1952; x_wconf 90' lang='lat' dir='ltr'>sermonibus</span> <span class='ocrx_word' id='word_1_120' title='bbox 1122 1886 1185 1951; x_wconf 86' lang='lat' dir='ltr'>Cn.</span> <span class='ocrx_word' id='word_1_121' title='bbox 1203 1888 1296 1954; x_wconf 86' lang='lat' dir='ltr'>Cice-</span> 
     </span>
     <span class='ocr_line' id='line_1_17' title="bbox 248 1990 1294 2079; baseline 0 -22"><span class='ocrx_word' id='word_1_122' title='bbox 248 2015 362 2058; x_wconf 91' lang='lat' dir='ltr'>ronem</span> <span class='ocrx_word' id='word_1_123' title='bbox 399 1993 587 2078; x_wconf 88' lang='lat' dir='ltr'>appellent:</span> <span class='ocrx_word' id='word_1_124' title='bbox 631 1993 745 2077; x_wconf 91' lang='lat' dir='ltr'>itaque</span> <span class='ocrx_word' id='word_1_125' title='bbox 783 2000 817 2056; x_wconf 92' lang='lat' dir='ltr'>et</span> <span class='ocrx_word' id='word_1_126' title='bbox 855 1991 943 2056; x_wconf 89' lang='lat' dir='ltr'>ludis</span> <span class='ocrx_word' id='word_1_127' title='bbox 981 2000 1016 2057; x_wconf 92' lang='lat' dir='ltr'>et</span> <span class='ocrx_word' id='word_1_128' title='bbox 1052 1990 1294 2079; x_wconf 85' lang='lat' dir='ltr'>gladiatoribus</span> 
     </span>
     <span class='ocr_line' id='line_1_18' title="bbox 248 2096 1295 2181; baseline 0.001 -20"><span class='ocrx_word' id='word_1_129' title='bbox 248 2096 413 2162; x_wconf 89' lang='lat' dir='ltr'>mirandas</span> <span class='ocrx_word' id='word_1_130' title='bbox 431 2101 617 2166; x_wconf 74' lang='grc' dir='ltr'><strong><em>ἐπισημασίας</em></strong></span> <span class='ocrx_word' id='word_1_131' title='bbox 640 2097 711 2162; x_wconf 90' lang='lat' dir='ltr'>sine</span> <span class='ocrx_word' id='word_1_132' title='bbox 736 2097 806 2160; x_wconf 90' lang='lat' dir='ltr'>ulla</span> <span class='ocrx_word' id='word_1_133' title='bbox 828 2097 1005 2181; x_wconf 89' lang='lat' dir='ltr'>pastoricia</span> <span class='ocrx_word' id='word_1_134' title='bbox 1032 2096 1144 2161; x_wconf 87' lang='lat' dir='ltr'>fistula</span> <span class='ocrx_word' id='word_1_135' title='bbox 1168 2096 1295 2162; x_wconf 87' lang='lat' dir='ltr'>aufere·</span> 
     </span>
     <span class='ocr_line' id='line_1_19' title="bbox 197 2200 1293 2286; baseline -0.001 -20"><span class='ocrx_word' id='word_1_136' title='bbox 197 2201 372 2267; x_wconf 84' lang='lat' dir='ltr'>12ba1nus.</span> <span class='ocrx_word' id='word_1_137' title='bbox 432 2200 531 2265; x_wconf 91' lang='lat' dir='ltr'>Nunc</span> <span class='ocrx_word' id='word_1_138' title='bbox 562 2208 614 2266; x_wconf 89' lang='lat' dir='ltr'>est</span> <span class='ocrx_word' id='word_1_139' title='bbox 643 2201 851 2286; x_wconf 88' lang='lat' dir='ltr'>exspectatio</span> <span class='ocrx_word' id='word_1_140' title='bbox 889 2201 1109 2278; x_wconf 90' lang='lat' dir='ltr'>comitiorum,</span> <span class='ocrx_word' id='word_1_141' title='bbox 1140 2201 1177 2264; x_wconf 90' lang='lat' dir='ltr'>in</span> <span class='ocrx_word' id='word_1_142' title='bbox 1207 2222 1293 2286; x_wconf 92' lang='lat' dir='ltr'>quae</span> 
     </span>
    </p>
   </div>
   <div class='ocr_carea' id='block_1_3' title="bbox 243 2491 1294 3862">
    <p class='ocr_par' dir='ltr' id='par_1_3' title="bbox 243 2491 1294 3862">
     <span class='ocr_line' id='line_1_20' title="bbox 245 2491 1294 2557; baseline 0.003 -17"><span class='ocrx_word' id='word_1_143' title='bbox 245 2496 319 2541; x_wconf 87' lang='lat' dir='ltr'>runt</span> <span class='ocrx_word' id='word_1_144' title='bbox 340 2507 433 2542; x_wconf 81' lang='lat' dir='ltr'>means</span> <span class='ocrx_word' id='word_1_145' title='bbox 456 2493 522 2542; x_wconf 89' lang='lat' dir='ltr'>both</span> <span class='ocrx_word' id='word_1_146' title='bbox 546 2491 683 2554; x_wconf 70' lang='lat' dir='ltr'>‘bellora’</span> <span class='ocrx_word' id='word_1_147' title='bbox 702 2493 756 2542; x_wconf 89' lang='lat' dir='ltr'>and</span> <span class='ocrx_word' id='word_1_148' title='bbox 781 2498 842 2552; x_wconf 83' lang='lat' dir='ltr'>eta,</span> <span class='ocrx_word' id='word_1_149' title='bbox 856 2492 952 2544; x_wconf 85' lang='lat' dir='ltr'>‘those</span> <span class='ocrx_word' id='word_1_150' title='bbox 964 2493 1294 2557; x_wconf 76' lang='lat' dir='ltr'>clamoringbloodsucir·</span> 
     </span>
     <span class='ocr_line' id='line_1_21' title="bbox 247 2568 1291 2632; baseline 0.003 -14"><span class='ocrx_word' id='word_1_151' title='bbox 247 2568 254 2593; x_wconf 77' lang='lat'><strong><em>⁴</em></strong></span> <span class='ocrx_word' id='word_1_152' title='bbox 262 2570 322 2630; x_wconf 79' lang='lat' dir='ltr'>give</span> <span class='ocrx_word' id='word_1_153' title='bbox 337 2570 421 2619; x_wconf 86' lang='lat' dir='ltr'>credit</span> <span class='ocrx_word' id='word_1_154' title='bbox 439 2569 482 2618; x_wconf 85' lang='lat' dir='ltr'>to&#39;</span> <span class='ocrx_word' id='word_1_155' title='bbox 495 2570 522 2617; x_wconf 88' lang='lat' dir='ltr'>iu</span> <span class='ocrx_word' id='word_1_156' title='bbox 541 2569 587 2618; x_wconf 88' lang='lat' dir='ltr'>the</span> <span class='ocrx_word' id='word_1_157' title='bbox 601 2570 757 2619; x_wconf 78' lang='lat' dir='ltr'>merce-utile</span> <span class='ocrx_word' id='word_1_158' title='bbox 781 2583 823 2619; x_wconf 86' lang='lat' dir='ltr'>ers</span> <span class='ocrx_word' id='word_1_159' title='bbox 837 2570 866 2618; x_wconf 82' lang='lat' dir='ltr'>of</span> <span class='ocrx_word' id='word_1_160' title='bbox 880 2571 928 2620; x_wconf 88' lang='lat' dir='ltr'>the</span> <span class='ocrx_word' id='word_1_161' title='bbox 943 2576 1072 2632; x_wconf 89' lang='lat' dir='ltr'>treasury‚</span> <span class='ocrx_word' id='word_1_162' title='bbox 1085 2571 1140 2620; x_wconf 76' lang='lat' dir='ltr'>ther</span> <span class='ocrx_word' id='word_1_163' title='bbox 1149 2571 1291 2631; x_wconf 83' lang='lat' dir='ltr'>wretched,</span> 
     </span>
     <span class='ocr_line' id='line_1_22' title="bbox 245 2646 1293 2710; baseline 0.001 -15"><span class='ocrx_word' id='word_1_164' title='bbox 245 2659 330 2695; x_wconf 85' lang='lat' dir='ltr'>sense.</span> <span class='ocrx_word' id='word_1_165' title='bbox 782 2646 929 2709; x_wconf 86' lang='lat' dir='ltr'>starveling</span> <span class='ocrx_word' id='word_1_166' title='bbox 949 2646 1039 2696; x_wconf 88' lang='lat' dir='ltr'>rnob:&#39;</span> <span class='ocrx_word' id='word_1_167' title='bbox 1058 2647 1093 2696; x_wconf 82' lang='lat' dir='ltr'>cf.</span> <span class='ocrx_word' id='word_1_168' title='bbox 1121 2647 1204 2710; x_wconf 69' lang='lat' dir='ltr'>pti,</span> <span class='ocrx_word' id='word_1_169' title='bbox 1225 2647 1240 2709; x_wconf 72' lang='grc'><strong>5</strong></span> <span class='ocrx_word' id='word_1_170' title='bbox 1262 2648 1293 2696; x_wconf 91' lang='grc'>22</span> 
     </span>
     <span class='ocr_line' id='line_1_23' title="bbox 276 2721 1288 2787; baseline 0.002 -17"><span class='ocrx_word' id='word_1_171' title='bbox 276 2721 337 2780; x_wconf 65' lang='lat' dir='ltr'>ill.</span> <span class='ocrx_word' id='word_1_172' title='bbox 356 2721 757 2772; x_wconf 79' lang='lat' dir='ltr'>157-161.me11us.adv.:</span> <span class='ocrx_word' id='word_1_173' title='bbox 782 2723 815 2773; x_wconf 88' lang='lat' dir='ltr'>ad</span> <span class='ocrx_word' id='word_1_174' title='bbox 839 2723 884 2773; x_wconf 85' lang='lat' dir='ltr'>lin.</span> <span class='ocrx_word' id='word_1_175' title='bbox 920 2723 1049 2784; x_wconf 82' lang='lat' dir='ltr'>Magno:</span> <span class='ocrx_word' id='word_1_176' title='bbox 1073 2738 1117 2779; x_wconf 84' lang='lat' dir='ltr'>sec</span> <span class='ocrx_word' id='word_1_177' title='bbox 1135 2738 1172 2774; x_wconf 85' lang='lat' dir='ltr'>on</span> <span class='ocrx_word' id='word_1_178' title='bbox 1195 2724 1244 2787; x_wconf 78' lang='lat' dir='ltr'>Ep.</span> <span class='ocrx_word' id='word_1_179' title='bbox 1267 2723 1288 2773; x_wconf 93' lang='lat'>1.</span> 
     </span>
     <span class='ocr_line' id='line_1_24' title="bbox 244 2798 1290 2859; baseline 0.002 -12"><span class='ocrx_word' id='word_1_180' title='bbox 244 2798 279 2847; x_wconf 83' lang='lat' dir='ltr'>cf.</span> <span class='ocrx_word' id='word_1_181' title='bbox 298 2800 347 2859; x_wconf 81' lang='lat' dir='ltr'>aie,</span> <span class='ocrx_word' id='word_1_182' title='bbox 365 2799 413 2858; x_wconf 82' lang='lat'>§3.</span> <span class='ocrx_word' id='word_1_183' title='bbox 434 2799 474 2858; x_wconf 84' lang='grc'>35,</span> <span class='ocrx_word' id='word_1_184' title='bbox 488 2798 541 2847; x_wconf 83' lang='lat' dir='ltr'>aad</span> <span class='ocrx_word' id='word_1_185' title='bbox 554 2812 598 2847; x_wconf 91' lang='lat' dir='ltr'>see</span> <span class='ocrx_word' id='word_1_186' title='bbox 617 2812 653 2848; x_wconf 90' lang='lat' dir='ltr'>on</span> <span class='ocrx_word' id='word_1_187' title='bbox 672 2798 757 2848; x_wconf 84' lang='lat'><strong>1.19.</strong></span> <span class='ocrx_word' id='word_1_188' title='bbox 781 2799 984 2850; x_wconf 62' lang='lat' dir='ltr'>sarturarrou.</span> <span class='ocrx_word' id='word_1_189' title='bbox 1009 2800 1290 2850; x_wconf 73' lang='lat' dir='ltr'>comissatoruch.</span> 
     </span>
     <span class='ocr_line' id='line_1_25' title="bbox 243 2873 1291 2936; baseline 0.004 -13"><span class='ocrx_word' id='word_1_190' title='bbox 243 2875 267 2923; x_wconf 90' lang='lat'>8.</span> <span class='ocrx_word' id='word_1_191' title='bbox 302 2878 341 2931; x_wconf 83' lang='lat' dir='ltr'>at.</span> <span class='ocrx_word' id='word_1_192' title='bbox 363 2873 463 2934; x_wconf 62' lang='lat' dir='ltr'>‘botta’</span> <span class='ocrx_word' id='word_1_193' title='bbox 478 2875 511 2936; x_wconf 92' lang='lat' dir='ltr'>by</span> <span class='ocrx_word' id='word_1_194' title='bbox 523 2889 558 2924; x_wconf 87' lang='lat' dir='ltr'>an</span> <span class='ocrx_word' id='word_1_195' title='bbox 574 2874 756 2926; x_wconf 82' lang='lat' dir='ltr'>anacoluthon</span> <span class='ocrx_word' id='word_1_196' title='bbox 783 2876 819 2925; x_wconf 91' lang='grc' dir='ltr'>ΙΙ.</span> <span class='ocrx_word' id='word_1_197' title='bbox 833 2875 879 2924; x_wconf 90' lang='lat'>10.</span> <span class='ocrx_word' id='word_1_198' title='bbox 891 2876 978 2926; x_wconf 84' lang='grc'><strong>24-28.</strong></span> <span class='ocrx_word' id='word_1_199' title='bbox 1014 2875 1185 2926; x_wconf 82' lang='lat' dir='ltr'>barbatuli:</span> <span class='ocrx_word' id='word_1_200' title='bbox 1201 2891 1291 2935; x_wconf 79' lang='lat' dir='ltr'>aeeon</span> 
     </span>
     <span class='ocr_line' id='line_1_26' title="bbox 244 2950 1293 3015; baseline 0.004 -17"><span class='ocrx_word' id='word_1_201' title='bbox 244 2950 347 3000; x_wconf 85' lang='lat' dir='ltr'>similar</span> <span class='ocrx_word' id='word_1_202' title='bbox 365 2956 393 3000; x_wconf 87' lang='lat' dir='ltr'>to</span> <span class='ocrx_word' id='word_1_203' title='bbox 413 2952 490 3001; x_wconf 87' lang='lat' dir='ltr'>those</span> <span class='ocrx_word' id='word_1_204' title='bbox 510 2951 538 3000; x_wconf 91' lang='lat' dir='ltr'>in</span> <span class='ocrx_word' id='word_1_205' title='bbox 554 2952 568 3013; x_wconf 61' lang='grc' dir='ltr'>ᾗ</span> <span class='ocrx_word' id='word_1_206' title='bbox 582 2951 657 3002; x_wconf 88' lang='grc'><strong>8.108</strong></span> <span class='ocrx_word' id='word_1_207' title='bbox 669 2952 688 3001; x_wconf 82' lang='lat' dir='ltr'>f.</span> <span class='ocrx_word' id='word_1_208' title='bbox 703 2953 756 3001; x_wconf 90' lang='lat' dir='ltr'>and</span> <span class='ocrx_word' id='word_1_209' title='bbox 782 2952 820 3002; x_wconf 90' lang='lat'>11.</span> <span class='ocrx_word' id='word_1_210' title='bbox 841 2952 886 3001; x_wconf 85' lang='lat'>22.</span> <span class='ocrx_word' id='word_1_211' title='bbox 911 2953 951 3002; x_wconf 84' lang='lat'>23.</span> <span class='ocrx_word' id='word_1_212' title='bbox 981 2951 1223 3015; x_wconf 73' lang='lat' dir='ltr'>gladiatoribus:</span> <span class='ocrx_word' id='word_1_213' title='bbox 1251 2954 1293 3003; x_wconf 82' lang='lat' dir='ltr'>for</span> 
     </span>
     <span class='ocr_line' id='line_1_27' title="bbox 246 3027 1292 3092; baseline 0.004 -17"><span class='ocrx_word' id='word_1_214' title='bbox 246 3027 291 3076; x_wconf 89' lang='grc'>120</span> <span class='ocrx_word' id='word_1_215' title='bbox 303 3027 322 3076; x_wconf 82' lang='lat' dir='ltr'>f.</span> <span class='ocrx_word' id='word_1_216' title='bbox 337 3028 383 3076; x_wconf 91' lang='lat' dir='ltr'>the</span> <span class='ocrx_word' id='word_1_217' title='bbox 401 3027 499 3077; x_wconf 80' lang='lat' dir='ltr'>second</span> <span class='ocrx_word' id='word_1_218' title='bbox 520 3031 546 3078; x_wconf 83' lang='lat' dir='ltr'>et</span> <span class='ocrx_word' id='word_1_219' title='bbox 565 3027 629 3077; x_wconf 88' lang='lat' dir='ltr'>does</span> <span class='ocrx_word' id='word_1_220' title='bbox 648 3033 696 3077; x_wconf 89' lang='lat' dir='ltr'>not</span> <span class='ocrx_word' id='word_1_221' title='bbox 711 3042 758 3090; x_wconf 88' lang='lat' dir='ltr'>ap·</span> <span class='ocrx_word' id='word_1_222' title='bbox 780 3029 903 3085; x_wconf 81' lang='lat' dir='ltr'>caseand</span> <span class='ocrx_word' id='word_1_223' title='bbox 915 3030 1044 3092; x_wconf 83' lang='lat' dir='ltr'>meaning</span> <span class='ocrx_word' id='word_1_224' title='bbox 1055 3030 1089 3079; x_wconf 82' lang='lat' dir='ltr'>cf.</span> <span class='ocrx_word' id='word_1_225' title='bbox 1102 3029 1172 3080; x_wconf 87' lang='lat' dir='ltr'>Mur.</span> <span class='ocrx_word' id='word_1_226' title='bbox 1186 3029 1233 3080; x_wconf 77' lang='lat'>6⁷.</span> <span class='ocrx_word' id='word_1_227' title='bbox 1250 3031 1292 3092; x_wconf 79' lang='lat'>113</span> 
     </span>
     <span class='ocr_line' id='line_1_28' title="bbox 244 3103 1291 3170; baseline 0.002 -18"><span class='ocrx_word' id='word_1_228' title='bbox 244 3116 317 3164; x_wconf 85' lang='lat' dir='ltr'>pear,</span> <span class='ocrx_word' id='word_1_229' title='bbox 340 3104 375 3154; x_wconf 89' lang='lat' dir='ltr'>its</span> <span class='ocrx_word' id='word_1_230' title='bbox 406 3103 481 3166; x_wconf 89' lang='lat' dir='ltr'>place</span> <span class='ocrx_word' id='word_1_231' title='bbox 508 3103 589 3167; x_wconf 86' lang='lat' dir='ltr'>being</span> <span class='ocrx_word' id='word_1_232' title='bbox 615 3104 700 3153; x_wconf 86' lang='lat' dir='ltr'>taken</span> <span class='ocrx_word' id='word_1_233' title='bbox 722 3104 757 3167; x_wconf 86' lang='lat' dir='ltr'>by</span> <span class='ocrx_word' id='word_1_234' title='bbox 781 3107 824 3154; x_wconf 82' lang='lat' dir='ltr'>for</span> <span class='ocrx_word' id='word_1_235' title='bbox 840 3106 927 3168; x_wconf 85' lang='lat' dir='ltr'>origin</span> <span class='ocrx_word' id='word_1_236' title='bbox 945 3106 974 3156; x_wconf 84' lang='lat' dir='ltr'>of</span> <span class='ocrx_word' id='word_1_237' title='bbox 992 3107 1038 3156; x_wconf 86' lang='lat' dir='ltr'>the</span> <span class='ocrx_word' id='word_1_238' title='bbox 1052 3120 1152 3170; x_wconf 80' lang='lat' dir='ltr'>gemes,</span> <span class='ocrx_word' id='word_1_239' title='bbox 1165 3105 1233 3157; x_wconf 89' lang='lat' dir='ltr'>Sull.</span> <span class='ocrx_word' id='word_1_240' title='bbox 1246 3106 1291 3155; x_wconf 75' lang='lat'>54.</span> 
     </span>
     <span class='ocr_line' id='line_1_29' title="bbox 244 3180 1293 3246; baseline 0.006 -18"><span class='ocrx_word' id='word_1_241' title='bbox 244 3180 614 3242; x_wconf 78' lang='lat' dir='ltr'>acceditilladqaod‚l.162.</span> <span class='ocrx_word' id='word_1_242' title='bbox 642 3180 756 3228; x_wconf 77' lang='lat' dir='ltr'>missus</span> <span class='ocrx_word' id='word_1_243' title='bbox 784 3183 819 3233; x_wconf 80' lang='lat' dir='ltr'>w.</span> <span class='ocrx_word' id='word_1_244' title='bbox 857 3185 994 3241; x_wconf 66' lang='grc' dir='ltr'><strong><em>ἐπισημασίας</em></strong></span> <span class='ocrx_word' id='word_1_245' title='bbox 1017 3180 1214 3246; x_wconf 67' lang='lat' dir='ltr'>[episimasias]</span> <span class='ocrx_word' id='word_1_246' title='bbox 1233 3183 1293 3234; x_wconf 86' lang='lat' dir='ltr'>‘ex-</span> 
     </span>
     <span class='ocr_line' id='line_1_30' title="bbox 243 3257 1291 3322; baseline 0.004 -18"><span class='ocrx_word' id='word_1_247' title='bbox 243 3288 272 3304; x_wconf 84' lang='lat'>..</span> <span class='ocrx_word' id='word_1_248' title='bbox 290 3290 296 3304; x_wconf 92' lang='lat'><strong>.</strong></span> <span class='ocrx_word' id='word_1_249' title='bbox 316 3257 453 3306; x_wconf 85' lang='lat' dir='ltr'>invidiae</span> <span class='ocrx_word' id='word_1_250' title='bbox 480 3259 541 3321; x_wconf 86' lang='lat' dir='ltr'>‘my</span> <span class='ocrx_word' id='word_1_251' title='bbox 564 3258 756 3321; x_wconf 88' lang='lat' dir='ltr'>unpopularity</span> <span class='ocrx_word' id='word_1_252' title='bbox 781 3259 915 3320; x_wconf 76' lang='lat' dir='ltr'>pressioris</span> <span class='ocrx_word' id='word_1_253' title='bbox 932 3258 961 3309; x_wconf 84' lang='lat' dir='ltr'>of</span> <span class='ocrx_word' id='word_1_254' title='bbox 979 3258 1128 3322; x_wconf 85' lang='lat' dir='ltr'>approval‚’</span> <span class='ocrx_word' id='word_1_255' title='bbox 1143 3258 1186 3309; x_wconf 82' lang='lat' dir='ltr'>for</span> <span class='ocrx_word' id='word_1_256' title='bbox 1203 3260 1291 3310; x_wconf 89' lang='lat' dir='ltr'>which</span> 
     </span>
     <span class='ocr_line' id='line_1_31' title="bbox 244 3331 1291 3397; baseline 0.005 -16"><span class='ocrx_word' id='word_1_257' title='bbox 244 3332 293 3382; x_wconf 85' lang='lat' dir='ltr'>has</span> <span class='ocrx_word' id='word_1_258' title='bbox 309 3331 360 3382; x_wconf 88' lang='lat' dir='ltr'>lost</span> <span class='ocrx_word' id='word_1_259' title='bbox 380 3347 453 3382; x_wconf 87' lang='lat' dir='ltr'>some</span> <span class='ocrx_word' id='word_1_260' title='bbox 476 3333 573 3383; x_wconf 90' lang='lat' dir='ltr'>blood.&#39;</span> <span class='ocrx_word' id='word_1_261' title='bbox 601 3335 643 3383; x_wconf 88' lang='lat' dir='ltr'>He</span> <span class='ocrx_word' id='word_1_262' title='bbox 661 3347 754 3382; x_wconf 88' lang='lat' dir='ltr'>means</span> <span class='ocrx_word' id='word_1_263' title='bbox 781 3335 814 3383; x_wconf 93' lang='lat' dir='ltr'>he</span> <span class='ocrx_word' id='word_1_264' title='bbox 826 3335 970 3385; x_wconf 86' lang='lat' dir='ltr'>elsewhere</span> <span class='ocrx_word' id='word_1_265' title='bbox 982 3349 1042 3385; x_wconf 86' lang='lat' dir='ltr'>usas</span> <span class='ocrx_word' id='word_1_266' title='bbox 1054 3334 1291 3397; x_wconf 72' lang='lat' dir='ltr'>aipatsicuta&#39;cnea:</span> 
     </span>
     <span class='ocr_line' id='line_1_32' title="bbox 244 3406 1291 3472; baseline 0.007 -19"><span class='ocrx_word' id='word_1_267' title='bbox 244 3407 304 3455; x_wconf 87' lang='lat' dir='ltr'>that</span> <span class='ocrx_word' id='word_1_268' title='bbox 323 3408 369 3456; x_wconf 88' lang='lat' dir='ltr'>the</span> <span class='ocrx_word' id='word_1_269' title='bbox 386 3413 506 3456; x_wconf 85' lang='lat' dir='ltr'>senators</span> <span class='ocrx_word' id='word_1_270' title='bbox 527 3408 596 3455; x_wconf 89' lang='lat' dir='ltr'>have</span> <span class='ocrx_word' id='word_1_271' title='bbox 612 3406 664 3456; x_wconf 91' lang='lat' dir='ltr'>lost</span> <span class='ocrx_word' id='word_1_272' title='bbox 681 3422 755 3456; x_wconf 89' lang='lat' dir='ltr'>some</span> <span class='ocrx_word' id='word_1_273' title='bbox 779 3410 814 3459; x_wconf 80' lang='lat' dir='ltr'>cf.</span> <span class='ocrx_word' id='word_1_274' title='bbox 825 3410 874 3472; x_wconf 85' lang='lat' dir='ltr'>Ep.</span> <span class='ocrx_word' id='word_1_275' title='bbox 887 3411 907 3459; x_wconf 92' lang='grc' dir='ltr'>Ι.</span> <span class='ocrx_word' id='word_1_276' title='bbox 918 3410 943 3458; x_wconf 84' lang='grc'>2.</span> <span class='ocrx_word' id='word_1_277' title='bbox 953 3411 976 3460; x_wconf 88' lang='grc'>8.</span> <span class='ocrx_word' id='word_1_278' title='bbox 1000 3409 1171 3472; x_wconf 75' lang='lat' dir='ltr'>pastoricia</span> <span class='ocrx_word' id='word_1_279' title='bbox 1179 3409 1291 3468; x_wconf 71' lang='lat' dir='ltr'>fistula,</span> 
     </span>
     <span class='ocr_line' id='line_1_33' title="bbox 244 3482 1291 3550; baseline 0.005 -19"><span class='ocrx_word' id='word_1_280' title='bbox 244 3482 272 3531; x_wconf 81' lang='lat' dir='ltr'>of</span> <span class='ocrx_word' id='word_1_281' title='bbox 291 3483 361 3532; x_wconf 85' lang='lat' dir='ltr'>their</span> <span class='ocrx_word' id='word_1_282' title='bbox 377 3482 500 3544; x_wconf 89' lang='lat' dir='ltr'>jealousy</span> <span class='ocrx_word' id='word_1_283' title='bbox 512 3483 541 3531; x_wconf 83' lang='lat' dir='ltr'>of</span> <span class='ocrx_word' id='word_1_284' title='bbox 558 3484 615 3531; x_wconf 89' lang='lat' dir='ltr'>him</span> <span class='ocrx_word' id='word_1_285' title='bbox 627 3483 700 3533; x_wconf 87' lang='lat' dir='ltr'>since</span> <span class='ocrx_word' id='word_1_286' title='bbox 712 3484 755 3532; x_wconf 87' lang='lat' dir='ltr'>his</span> <span class='ocrx_word' id='word_1_287' title='bbox 781 3485 954 3548; x_wconf 85' lang='lat' dir='ltr'>‘shephcrd’s</span> <span class='ocrx_word' id='word_1_288' title='bbox 970 3486 1050 3548; x_wconf 87' lang='lat' dir='ltr'>pipe,&#39;</span> <span class='ocrx_word' id='word_1_289' title='bbox 1065 3486 1130 3536; x_wconf 86' lang='lat' dir='ltr'>used</span> <span class='ocrx_word' id='word_1_290' title='bbox 1142 3487 1291 3550; x_wconf 82' lang='lat' dir='ltr'>scornlully</span> 
     </span>
     <span class='ocr_line' id='line_1_34' title="bbox 243 3559 1181 3624; baseline 0.006 -17"><span class='ocrx_word' id='word_1_291' title='bbox 243 3559 354 3620; x_wconf 86' lang='lat' dir='ltr'>spirited</span> <span class='ocrx_word' id='word_1_292' title='bbox 375 3560 481 3609; x_wconf 87' lang='lat' dir='ltr'>attacks</span> <span class='ocrx_word' id='word_1_293' title='bbox 501 3574 575 3621; x_wconf 87' lang='lat' dir='ltr'>upon</span> <span class='ocrx_word' id='word_1_294' title='bbox 596 3559 706 3610; x_wconf 89' lang='lat' dir='ltr'>Clodius</span> <span class='ocrx_word' id='word_1_295' title='bbox 726 3562 754 3609; x_wconf 87' lang='lat' dir='ltr'>in</span> <span class='ocrx_word' id='word_1_296' title='bbox 779 3563 807 3611; x_wconf 85' lang='lat' dir='ltr'>ol</span> <span class='ocrx_word' id='word_1_297' title='bbox 824 3563 871 3610; x_wconf 87' lang='lat' dir='ltr'>the</span> <span class='ocrx_word' id='word_1_298' title='bbox 883 3562 1009 3613; x_wconf 82' lang='lat' dir='ltr'>hissesof</span> <span class='ocrx_word' id='word_1_299' title='bbox 1020 3567 1181 3624; x_wconf 74' lang='lat' dir='ltr'>opponente.</span> 
     </span>
     <span class='ocr_line' id='line_1_35' title="bbox 244 3635 1290 3699; baseline 0.005 -16"><span class='ocrx_word' id='word_1_300' title='bbox 244 3635 315 3684; x_wconf 86' lang='lat' dir='ltr'>their</span> <span class='ocrx_word' id='word_1_301' title='bbox 327 3636 426 3686; x_wconf 84' lang='lat' dir='ltr'>behalf.</span> <span class='ocrx_word' id='word_1_302' title='bbox 462 3644 603 3696; x_wconf 69' lang='lat' dir='ltr'>ramera,</span> <span class='ocrx_word' id='word_1_303' title='bbox 620 3637 755 3686; x_wconf 84' lang='lat' dir='ltr'>‘tltecase</span> <span class='ocrx_word' id='word_1_304' title='bbox 812 3638 975 3699; x_wconf 69' lang='grc'><strong>512170.</strong></span> <span class='ocrx_word' id='word_1_305' title='bbox 1004 3639 1221 3689; x_wconf 86' lang='lat' dir='ltr'>comitiorum:</span> <span class='ocrx_word' id='word_1_306' title='bbox 1244 3641 1290 3689; x_wconf 88' lang='lat' dir='ltr'>the</span> 
     </span>
     <span class='ocr_line' id='line_1_36' title="bbox 244 3712 1288 3782; baseline 0.011 -22"><span class='ocrx_word' id='word_1_307' title='bbox 244 3726 298 3761; x_wconf 83' lang='lat' dir='ltr'>was</span> <span class='ocrx_word' id='word_1_308' title='bbox 309 3712 379 3761; x_wconf 83' lang='lat' dir='ltr'>clear</span> <span class='ocrx_word' id='word_1_309' title='bbox 390 3712 444 3762; x_wconf 88' lang='lat' dir='ltr'>aad</span> <span class='ocrx_word' id='word_1_310' title='bbox 457 3713 503 3762; x_wconf 85' lang='lat' dir='ltr'>the</span> <span class='ocrx_word' id='word_1_311' title='bbox 514 3713 609 3775; x_wconf 81' lang='lat' dir='ltr'>judges</span> <span class='ocrx_word' id='word_1_312' title='bbox 621 3713 741 3776; x_wconf 65' lang='lat' dir='ltr'>bought)</span> <span class='ocrx_word' id='word_1_313' title='bbox 779 3715 903 3765; x_wconf 88' lang='lat' dir='ltr'>consular</span> <span class='ocrx_word' id='word_1_314' title='bbox 924 3715 1062 3778; x_wconf 81' lang='lat' dir='ltr'>electioris,</span> <span class='ocrx_word' id='word_1_315' title='bbox 1076 3717 1210 3782; x_wconf 79' lang='lat' dir='ltr'>generally</span> <span class='ocrx_word' id='word_1_316' title='bbox 1228 3716 1288 3771; x_wconf 78' lang='lat' dir='ltr'>held</span> 
     </span>
     <span class='ocr_line' id='line_1_37' title="bbox 274 3787 1127 3862; baseline 0.007 -26"><span class='ocrx_word' id='word_1_317' title='bbox 274 3787 416 3844; x_wconf 77' lang='lat' dir='ltr'>raa-169.</span> <span class='ocrx_word' id='word_1_318' title='bbox 443 3787 517 3840; x_wconf 79' lang='lat' dir='ltr'>illa</span> <span class='ocrx_word' id='word_1_319' title='bbox 538 3789 754 3848; x_wconf 59' lang='lat' dir='ltr'>‚contionalis</span> <span class='ocrx_word' id='word_1_320' title='bbox 779 3789 880 3842; x_wconf 83' lang='lat' dir='ltr'>when?</span> <span class='ocrx_word' id='word_1_321' title='bbox 912 3790 1049 3862; x_wconf 63' lang='lat' dir='ltr'>Scapul,</span> <span class='ocrx_word' id='word_1_322' title='bbox 1062 3793 1127 3861; x_wconf 63' lang='lat'>553.</span> 
     </span>
    </p>
   </div>
   <div class='ocr_carea' id='block_1_4' title="bbox 0 0 1344 4260">
    <p class='ocr_par' dir='ltr' id='par_1_4' title="bbox 0 0 1344 4260">
     <span class='ocr_line' id='line_1_38' title="bbox 0 0 1344 4260; baseline 0 1"><span class='ocrx_word' id='word_1_323' title='bbox 0 0 1344 4260; x_wconf 95' lang='lat' dir='ltr'> </span> 
     </span>
    </p>
   </div>
  </div>
 </body>
</html>
