2678 4260
134 236 198 306 518
484 247 557 302 nno
579 208 609 303 r.
634 247 760 303 susrro
783 247 931 302 omno.

116 427 174 490 104
227 440 328 488 xiix.
362 422 471 486 Multa
498 423 598 486 etiam
626 431 740 486 nostra
772 423 938 498 memoria,
964 444 1049 508 quae
1080 419 1237 489 consulto

187 535 367 612 praetereo,
384 525 525 590 fuerunt
540 528 574 588 in
591 548 630 591 ea
646 527 872 603 contentione,
889 534 929 590 ut
951 527 1123 611 popularis
1148 528 1237 611 cupi·

187 630 275 695 ditas
291 652 311 694 a
327 631 466 694 consilio
489 632 678 715 principum
702 630 891 694 dissideret.
937 629 1037 695 Nunc
1061 631 1128 694 iam
1152 631 1237 694 nihil

187 743 248 812 est,
266 735 356 820 quod
380 735 525 819 populus
549 735 722 799 adelectis
746 735 1021 820 principibusque
1046 734 1235 812 dissentiat,

148 857 246 904 onec
277 837 407 924 flagitat
438 861 506 903 rem
541 839 646 902 ullam
685 860 793 924 neque
833 860 1014 904 novarum
1034 861 1145 903 rerum
1185 848 1237 903 est

187 941 330 1028 cupidus
347 950 382 1007 et
397 943 465 1006 otio
481 964 544 1006 suo
560 952 594 1006 et
609 942 773 1029 dignitate
792 944 909 1027 optimi
925 945 1090 1028 cuiusque
1114 952 1150 1007 et
1165 944 1236 1006 uni·

186 1068 300 1113 versae
317 1047 363 1110 rei
388 1046 540 1131 publicae
566 1047 672 1132 gloria
696 1046 891 1110 delectatur.
939 1047 1060 1132 Itaque
1083 1046 1236 1112 homines

185 1150 336 1216 seditiosi
353 1172 391 1214 ac
408 1149 605 1226 turbulenti,
624 1152 703 1234 qnia
727 1151 820 1213 nulla
844 1151 907 1213 iam
932 1151 1110 1236 largitione
1132 1173 1236 1236 popu-

185 1256 258 1318 lum
272 1254 459 1318 Romanum
473 1256 639 1317 concitare
656 1263 807 1338 possunt,
819 1254 910 1339 quod
927 1255 1039 1338 plebes
1056 1253 1236 1338 perfuncta

134 1373 163 1416 10
184 1358 390 1445 gravissimis
407 1357 629 1422 seditionibus
647 1380 683 1421 ac
697 1357 870 1421 discordiis
889 1360 995 1422 otium
1011 1359 1233 1443 amplexatur,

188 1463 371 1527 conductas
387 1462 512 1527 habent
527 1463 700 1526 contiones
713 1485 821 1546 neque
835 1462 870 1525 id
885 1475 1002 1549 agunt,
1015 1471 1054 1527 ut
1069 1485 1108 1527 ea
1120 1463 1236 1527 dicant

185 1576 245 1631 aut
261 1565 380 1643 ferant,
398 1588 483 1652 quae
501 1568 552 1630 illi
569 1567 678 1631 velint
693 1566 819 1642 audire,
837 1568 895 1651 qui
913 1568 1118 1631 incautione
1142 1575 1234 1641 sunt,

185 1671 244 1735 sed
260 1672 368 1755 pretio
385 1692 422 1734 ac
440 1669 590 1734 mercede
608 1671 796 1754 perficiunt,
815 1679 862 1744 ut,
882 1670 1045 1754 quiequid
1061 1670 1187 1746 dicant,
1200 1670 1235 1734 id

115 1779 171 1840 105
185 1775 234 1838 illi
273 1775 359 1838 velle
401 1774 515 1838 audire
556 1775 744 1838 videantur.
806 1774 895 1837 Num
935 1797 994 1838 vos
1034 1775 1234 1838 existimatis

135 1896 162 1938 ro
187 1878 354 1942 Gracchos
371 1888 430 1942 aut
446 1877 665 1942 Saturninum
690 1888 750 1940 aut
766 1897 968 1962 quemqnam
994 1879 1128 1941 illorum
1146 1887 1235 1942 vete·

186 2005 269 2058 rum,
299 1984 358 2068 qui
397 1983 572 2067 populares
611 1981 828 2058 habebantur,
861 1983 969 2045 ullum
1009 2003 1168 2066 nmquam
1198 1983 1234 2044 in

186 2088 341 2152 contione
372 2087 526 2152 habuisse
557 2086 788 2152 conductum?
844 2086 951 2151 Nemo
982 2087 1109 2152 habuit.
1157 2087 1235 2172 Ipsa

186 2191 273 2254 enim
296 2191 431 2277 largitio
456 2198 491 2255 et
513 2212 589 2275 spes
613 2191 777 2254 commodi
801 2192 963 2276 propositi
987 2192 1059 2256 sine
1083 2190 1233 2256 mercede

188 2294 255 2357 ulla
300 2295 554 2358 multitudinem
601 2295 799 2358 concitabat.
861 2295 981 2380 Itaque
1029 2295 1233 2380 temporibus

133 2415 163 2458 ao
184 2399 325 2482 illisqui
349 2399 527 2483 populares
548 2406 652 2474 erant,
670 2397 886 2463 offendebant
908 2400 959 2462 illi
983 2399 1119 2483 quidem
1143 2397 1234 2484 apud

84 2488 88 2495 ¹
184 2503 297 2587 gravis
320 2511 354 2565 et
380 2502 536 2566 honestos
563 2501 728 2577 homines,¹
746 2502 805 2566 sed
830 2503 945 2587 populi
973 2502 1106 2566 iudiciis
1130 2511 1233 2586 atque

213 2718 226 2778 i
251 2720 306 2770 104.
336 2720 417 2768 1-12.
446 2720 612 2768 memoria:
652 2721 695 2768 ior
717 2721 871 2783 stantively.
907 2720 987 2782 Ipsa,
1006 2734 1036 2769 as
1055 2721 1083 2768 in
1103 2721 1117 2782 ᾗ
1135 2722 1175 2771 28.
1189 2723 1229 2771 28.

182 2797 309 2858 meaning
321 2796 355 2846 ci.
370 2797 383 2856 ξ
401 2798 440 2846 36.
461 2797 484 2844 4.
519 2795 645 2844 fuerunt
662 2797 694 2844 in
717 2796 922 2845 offendebant
939 2797 1072 2858 quidem,
1091 2797 1175 2861 ‘gave
1190 2798 1232 2847 oi·

182 2873 437 2928 oacontentione‚
450 2871 535 2920 ‘were
548 2873 694 2920 nrattersoi
717 2873 802 2931 ferree,
823 2873 836 2921 1
854 2873 966 2935 admit3’
989 2874 1032 2923 for
1058 2875 1168 2934 quidem
1193 2874 1229 2923 ef.

181 2961 212 2997 so
248 2948 330 2996 much
365 2948 491 3010 dispute’
554 2948 1073 3010 consilio,1V.17.1s;11.10.20.
1120 2949 1231 3011 populi

184 3023 452 3086 ‘statesmanshipt’
484 3025 519 3072 ci.
546 3025 567 3072 Ι.
599 3024 624 3071 3.
652 3025 692 3074 31.
717 3024 1047 3082 ...florebant‚‘we1·e
1059 3027 1178 3076 honored
1196 3027 1231 3088 by

180 3099 280 3157 Nunc,
292 3101 410 3161 opposed
424 3106 451 3149 to
463 3100 535 3161 olim,
550 3100 564 3161 ξ
584 3101 637 3150 103.
654 3101 691 3149 18.
717 3100 763 3148 the
775 3101 908 3149 decisions
920 3102 949 3150 oi
964 3101 1010 3150 the
1022 3103 1117 3164 people
1129 3104 1182 3152 and
1196 3104 1231 3166 by

181 3175 325 3233 nihilest,
338 3175 430 3237 quod,
445 3176 536 3225 ‘there
549 3177 572 3226 is
585 3190 621 3226 no
639 3190 695 3225 rea·
717 3175 752 3224 all
775 3183 844 3226 sorts
866 3178 895 3226 ol
923 3178 997 3238 signs
1023 3179 1063 3238 (oi
1091 3180 1162 3227 their
1184 3193 1232 3242 ap-

181 3267 231 3303 son
242 3253 330 3316 why:'
350 3253 392 3302 ior
409 3254 456 3302 the
474 3253 572 3315 phrase
589 3254 651 3313 ci.§
670 3256 691 3301 1.
717 3253 842 3315 proval).’
908 3253 1042 3310 iudiciis,
1078 3255 1231 3315 significa·

181 3328 473 3390 tarwanenses.
489 3329 526 3378 19.
563 3332 596 3376 et
613 3329 693 3376 otio:
716 3329 809 3385 tione,
833 3329 977 3392 explained
1008 3330 1178 3394 clriastieally
1200 3333 1230 3380 in

180 3404 236 3453 this
259 3407 285 3452 ei
302 3405 325 3453 is
342 3405 499 3453 correlative
519 3412 546 3452 to
563 3418 612 3453 nec
631 3441 637 3452 .
658 3441 664 3453 .
685 3441 691 3452 .
717 3407 763 3455 the
782 3414 847 3455 next
871 3412 1010 3455 sentence:
1028 3408 1071 3456 for
1092 3409 1141 3457 the
1160 3409 1232 3458 ordi-

155 3512 158 3520 ·
179 3493 275 3542 neque,
295 3487 344 3529 not
360 3485 390 3529 to
409 3485 458 3529 et.
479 3517 485 3527 .
506 3517 511 3528 .
532 3483 577 3529 et:
597 3482 694 3529 forits
716 3496 782 3544 nary
795 3481 925 3545 (neutrali
939 3483 1067 3545 meaning
1079 3483 1109 3533 of
1125 3485 1231 3546 annifi-

180 3555 344 3605 translation
362 3558 397 3604 cf.
412 3557 477 3606 Sull.
492 3556 537 3603 21.
551 3557 578 3617 3;
596 3556 633 3605 ΙΙ.
647 3556 692 3604 28.
716 3560 789 3607 catio
806 3559 840 3607 cf.
862 3559 911 3621 Ep.
932 3559 953 3608 Ι.
975 3559 1001 3607 2.
1023 3560 1047 3619 8,
1063 3560 1117 3608 and
1138 3561 1230 3610 notice

181 3631 220 3680 12.
255 3635 357 3693 agunt,
370 3646 399 3680 as
412 3632 517 3693 intio.
531 3633 552 3680 1.
588 3635 623 3678 ut
640 3667 646 3678 .
663 3667 669 3678 .
687 3667 692 3678 .
716 3634 775 3682 that
788 3635 874 3684 forits
883 3641 1017 3696 pregnani
1026 3636 1155 3698 meaning
1164 3637 1230 3686 here

179 3705 294 3756 terant:
305 3708 400 3757 forthe
409 3708 542 3757 clausecf.
553 3709 590 3757 ΙΙ.
600 3709 645 3756 27.
654 3711 692 3758 20.
716 3708 810 3760 Cicero
824 3711 889 3760 used
904 3725 920 3759 a
935 3710 1025 3760 Greek
1041 3711 1114 3762 word
1133 3713 1160 3760 in
1175 3713 1227 3774 Ep.

213 3784 293 3846 §loix
312 3784 414 3833 16-22.
433 3785 537 3842 ullum,
550 3785 616 3834 used
633 3786 694 3834 sub·
716 3784 897 3836 111.11.169.
