2678 4260
333 248 387 300 nr.
412 249 488 312 xx,
513 250 837 314 §3⁴13XX1·‚i1·3·
925 282 930 290 -
1088 240 1151 308 417

57 422 245 510 defatigari.
292 421 349 485 Me
380 420 558 485 miserum!
593 430 627 487 te
659 424 722 487 ista
753 423 890 501 virtute,
922 423 997 503 fide,
1028 447 1101 510 pro·

57 528 171 604 bitate‚
210 526 419 592 humanitate
458 528 493 591 in
532 533 643 592 tantas
674 548 849 592 aerumnas
881 536 1017 614 propter
1047 552 1099 596 me
1137 548 1152 593 s

56 631 224 708 incidisse,
256 631 505 716 Tulliolamque
544 640 702 708 nostram,
734 653 776 696 ex
808 652 875 716 quo
905 640 999 717 patre
1030 641 1101 699 tan-
1208 676 1216 687 -

58 743 108 801 tas
133 736 324 820 voluptates
347 735 508 821 capiebat,
527 757 568 800 ex
591 757 629 800 eo
645 742 757 800 tantos
779 736 948 821 percipere
968 738 1098 804 luctus!

59 836 143 904 Nam
173 837 256 924 quid
286 860 349 925 ego
379 839 420 903 de
458 839 618 905 Cicerone
653 839 786 904 dicam?
826 841 886 924 qui
924 862 1001 905 cum
1036 844 1100 928 pri-

59 961 149 1007 mum
190 964 304 1027 sapere
346 944 465 1027 coepit,
505 943 733 1008 acerbissimos
775 942 906 1009 dolores
937 946 1100 1011 miserias-

58 1069 122 1132 que
146 1047 304 1133 percepit.
351 1045 446 1126 Quae
477 1048 516 1123 si,
542 1055 580 1112 tu
611 1055 649 1111 ut
679 1047 806 1125 scribis,
830 1046 901 1112 fato
924 1047 1014 1113 facta
1043 1067 1153 1135 pu·1o

58 1161 170 1228 tarem,
208 1150 329 1216 ferrem
358 1151 473 1236 paullo
504 1151 646 1229 facilius,
678 1151 738 1217 sed
774 1153 884 1216 omnia
914 1160 996 1217 sunt
1025 1176 1099 1219 mea

56 1257 155 1341 culpa
186 1256 369 1332 commissa,
395 1257 454 1340 qui
485 1255 526 1320 ab
557 1257 597 1320 iis
629 1279 680 1321 me
711 1257 813 1320 amari
844 1257 1013 1342 putabam,
1039 1260 1099 1343 qui

56 1360 264 1437 invidebant,
296 1382 353 1425 eos
384 1381 452 1424 non
483 1360 655 1445 sequebar,
688 1362 749 1445 qui
779 1361 949 1445 petebant.
997 1361 1142 1441 Quod2

56 1467 85 1531 si
116 1466 238 1530 nostris
270 1465 418 1529 consiliis
443 1465 496 1529 usi
528 1486 675 1530 essemus
699 1486 808 1549 neque
832 1465 923 1550 apud
946 1487 1005 1531 nos
1029 1474 1100 1531 tan·

56 1579 130 1636 tum
166 1570 329 1635 valuisset
367 1591 474 1634 sermo
509 1576 569 1633 aut
603 1569 787 1632 stultorum
824 1570 1005 1634 amicorum
1042 1580 1102 1635 aut
1125 1586 1153 1632 io

56 1674 291 1760 improborum,
332 1672 514 1738 beatissimi
552 1673 758 1738 viveremus:
801 1694 901 1750 nunc,
939 1675 1099 1758 quoniam

56 1800 185 1864 sperare
227 1761 291 1842 ¹nos
329 1777 427 1840 amici
472 1776 599 1853 iubent,
642 1776 726 1842 dabo
765 1798 908 1862 operam,
947 1799 988 1842 ne
1026 1799 1100 1843 mea

57 1878 215 1944 valetudo
239 1886 298 1943 tuo
323 1877 429 1941 labori
456 1875 552 1941 desit.
600 1878 666 1942 Res
698 1884 825 1962 quanta
855 1878 909 1954 sit,
934 1878 1097 1965 intelligo,

57 1989 252 2068 quantoque
298 1981 401 2045 fuerit
444 1980 577 2045 facilius
616 2002 747 2046 manere
785 1980 876 2045 domi
914 2003 1015 2066 quam
1052 2004 1100 2048 re·

56 2087 146 2163 dire;
177 2085 237 2151 sed
267 2093 389 2163 tamen,
420 2087 448 2150 si
479 2107 593 2150 omnes
624 2085 776 2150 tribunos
807 2086 852 2171 pl.
877 2081 1048 2164 habemus
1072 2089 1100 2152 si
1123 2104 1153 2150 ao

56 2192 242 2257 Lentulum
280 2199 347 2255 tam
393 2191 592 2266 studiosum,
632 2211 733 2275 quam
771 2190 915 2268 videtur,
954 2192 983 2256 si
1020 2213 1099 2257 vero

56 2298 154 2362 etiam
181 2296 378 2381 Pompeium
402 2302 437 2360 et
467 2295 654 2370 Caesarem,
679 2316 746 2358 non
769 2301 822 2360 est
844 2294 1098 2381 desperandum.

56 2401 107 2466 De
138 2401 275 2478 familia,
299 2398 468 2486 quomodo
499 2400 664 2485 placuisse
696 2399 812 2464 scribis
844 2399 969 2476 amicis,
1000 2399 1140 2465 facie-3

56 2527 141 2570 mus.
187 2505 239 2570 De
278 2506 361 2581 loco,
393 2525 483 2569 nunc
516 2503 654 2589 quidem
687 2504 754 2567 iam
784 2502 866 2567 abiit
895 2504 1097 2588 pestilentia,

56 2609 125 2686 sed,
157 2609 319 2694 quamdiu
349 2609 426 2685 fuit,
458 2631 510 2674 me
538 2631 605 2674 non
636 2608 760 2694 attigit.
807 2607 976 2685 Plancius,
1002 2608 1153 2673 homost

57 2713 326 2790 officiosissimus,
344 2735 396 2779 me
419 2715 515 2798 cupii
537 2735 608 2779 esee
636 2734 749 2778 secum
775 2720 810 2776 et
832 2711 942 2775 adhuc
965 2712 1097 2776 retinet.

57 2819 131 2906 Ego
153 2818 306 2883 volebam
333 2819 406 2883 loco
436 2819 543 2904 magis
570 2818 703 2883 deserto
729 2839 800 2882 esse
828 2817 864 2880 in
891 2816 1002 2900 Epiro,
1031 2838 1099 2900 quo

89 3014 137 3072 ii.
156 3015 238 3064 4-13.
256 3016 309 3065 Me
337 3016 497 3064 numerum:
526 3015 570 3063 for
592 3015 699 3063 kindoi
716 3028 732 3063 a
747 3013 844 3064 word?
876 3012 1100 3074 habemate,

57 3107 117 3144 ease
134 3093 168 3143 et.
183 3092 249 3143 Suli.
266 3092 312 3140 42.
329 3091 373 3154 233
390 3092 427 3141 11.
442 3091 502 3141 7.9.
537 3093 626 3139 teon
663 3103 712 3139 our
738 3089 802 3139 side.
852 3088 1026 3150 Lentulum,
1056 3089 1103 3138 the

58 3205 63 3217 .
81 3206 86 3218 .
104 3204 109 3217 .
126 3169 290 3217 incidisse:
310 3169 353 3218 for
369 3167 450 3218 meod
470 3181 514 3217 see
533 3181 567 3216 on
591 3163 784 3214 consul-elect:
802 3177 837 3214 sc.
855 3163 990 3225 habemas,
1005 3166 1100 3213 nasim.

58 3247 107 3308 Ep.
128 3246 191 3296 XX.
205 3245 231 3294 2.
243 3246 281 3294 20.
317 3247 349 3293 te
366 3244 428 3293 ista
439 3243 569 3292 virtute:
622 3241 669 3301 §3.
689 3237 790 3287 23-25.
808 3239 995 3289 Deiamilia:
1013 3239 1103 3288 onihe

59 3322 131 3371 what
143 3322 228 3385 ought
244 3320 348 3383 strictly
360 3325 389 3369 to
405 3333 569 3381 accompany
592 3317 688 3379 phrase
705 3316 740 3366 cf.
757 3318 806 3380 Ep.
825 3316 904 3368 XIV.
924 3315 950 3363 4.
967 3315 1007 3376 34,
1026 3329 1057 3365 so
1074 3316 1102 3363 in

60 3401 85 3448 te
101 3399 129 3447 in
149 3398 204 3447 this
221 3396 430 3447 construction?
463 3396 512 3446 See
533 3408 568 3443 on
591 3394 638 3442 the
649 3398 716 3442 next
734 3393 800 3455 line3
817 3393 861 3442 ior
872 3391 987 3452 familia
1006 3404 1050 3441 see
1067 3405 1103 3440 on

60 3475 80 3524 I.
99 3475 125 3523 4.
142 3475 165 3524 4.
201 3484 312 3535 sapere
329 3472 449 3534 coepit:
467 3472 502 3520 ci.
517 3471 567 3533 Ep.
592 3469 629 3518 11.
648 3468 694 3518 18.
712 3469 750 3521 17.
785 3469 835 3520 We
855 3469 889 3519 do
912 3472 960 3519 not
977 3468 1058 3518 know
1075 3472 1103 3516 to

60 3550 138 3602 XVI.
156 3549 182 3598 3.
199 3550 239 3600 40.
275 3549 329 3610 qui
349 3547 505 3611 petebant,
522 3548 569 3596 the
592 3546 665 3595 what
673 3546 707 3595 he
720 3546 815 3606 πείρης
826 3546 860 3595 he
869 3550 953 3595 wrote
962 3545 1045 3594 about
1057 3544 1103 3593 the

60 3632 177 3692 regente:
195 3640 239 3676 see
251 3641 277 3688 p.
290 3626 330 3686 42,
344 3625 408 3687 §aa
592 3621 772 3684 slavesinlip.
782 3621 860 3673 XIV.
870 3619 914 3677 ii.
949 3619 1101 3676 Plancius,

92 3705 140 3766 §a
160 3702 261 3751 17-21.
279 3700 362 3750 dabo
385 3698 769 3762 operam‚‘1q11aestorrn
792 3696 968 3746 Macedonica
985 3708 1029 3746 see
1051 3696 1100 3758 Ep.

60 3775 288 3842 williakepalns)
313 3773 476 3824 valetudo:
498 3775 571 3825 what
592 3774 658 3824 XV.
672 3775 725 3824 Ini.
739 3774 817 3824 Note.
