2678 4260
430 251 512 306 oar.
536 254 623 318 acas,
648 255 662 319 s
685 253 773 308 er-oo.
1112 240 1175 307 481

55 425 190 490 ‘minus
217 432 252 492 et
277 423 341 490 sibi
366 433 401 490 et
426 423 505 491 huic
531 426 670 512 imperio
693 427 875 514 gloriosum
899 427 1034 512 putavit
1049 449 1125 492 oon·

77 532 238 598 stitutum
265 551 285 594 a
311 552 346 595 se
373 552 486 616 regem
513 551 615 615 quam
640 532 859 597 constrictum
882 531 999 597 videri.
1046 532 1122 607 Hie,
1136 534 1176 598 59

78 636 139 720 qui
169 634 296 700 bellum
332 634 459 711 intulit,
490 634 605 722 gessit,
638 635 697 720 qui
735 644 769 700 et
806 637 876 721 ipse
914 635 1019 701 hostis
1057 635 1124 699 fuit
1147 651 1175 696 ar

77 739 195 824 populi
223 739 364 805 Romani
391 746 427 804 et
452 739 650 804 acerrimum
677 739 807 805 hostem
837 741 873 803 in
903 761 1045 825 regnum
1076 760 1124 803 re·

79 844 177 928 cepit,
195 844 254 928 qui
281 841 441 919 conflixit,
458 843 517 927 qui
543 843 640 929 signa
666 844 818 921 contulit,
835 844 895 927 qui
919 843 960 909 de
983 843 1123 928 imperio

78 968 183 1032 paene
213 948 365 1024 certavit,
396 953 516 1033 regnat
546 944 645 1010 hodie
676 955 711 1011 et
740 947 904 1014 amicitiae
935 967 1057 1013 nomen
1086 968 1125 1012 ac

77 1051 259 1127 societatis,
291 1049 383 1136 quod
412 1051 512 1115 armis
544 1050 695 1126 violarat,
727 1049 763 1114 id
788 1052 941 1136 precibus
972 1057 1024 1116 est
1049 1071 1125 1115 con·
1147 1064 1176 1109 25

77 1163 233 1231 secutus3
257 1157 314 1221 ille
343 1155 490 1241 Cyprius
517 1155 626 1231 miser,
651 1154 711 1239 qui
735 1176 865 1240 semper
887 1155 1024 1230 amicus,
1041 1175 1123 1218 sem·

77 1282 138 1345 per
157 1260 267 1325 socius
293 1258 369 1336 fuit,
387 1259 428 1323 de
452 1281 519 1345 quo
543 1259 638 1322 nulla
662 1280 823 1344 umquam
848 1260 994 1344 suspicio
1010 1256 1125 1322 durior

77 1363 195 1428 autad
217 1371 370 1429 senatum
394 1362 520 1428 autad
542 1363 759 1448 imperatores
780 1363 883 1428 allata
906 1370 1037 1429 nostros
1060 1369 1121 1437 est,

77 1469 186 1545 vivus,
211 1476 251 1533 ut
274 1468 381 1544 aiunt,
412 1473 465 1532 est
491 1474 526 1532 et
553 1466 670 1531 videns
698 1487 774 1531 oum
803 1468 895 1532 victu
926 1489 964 1532 ao
995 1466 1122 1543 vestitu

77 1595 139 1636 suo
169 1571 371 1656 publicatus.
418 1571 492 1646 Em,
516 1592 575 1634 cui·
606 1571 708 1635 ceteri
739 1592 833 1656 reges
864 1569 1017 1636 stabilem
1049 1590 1120 1633 esse
1144 1579 1173 1626 3⁰

76 1698 171 1742 suam
187 1675 358 1740 fortunam
374 1673 587 1750 arbitrentur,
605 1695 680 1739 cum
698 1673 760 1739 hoc
776 1675 868 1740 illius
892 1674 1020 1740 funesti
1042 1673 1122 1736 anni

77 1779 209 1866 prodito
239 1779 393 1865 exemplo
424 1777 563 1843 videant
595 1799 655 1863 per
691 1778 866 1844 tribunum
904 1779 1050 1862 aliquem
1089 1783 1124 1840 et

76 1891 244 1951 sescentas
275 1905 390 1968 operas
420 1905 457 1948 se
488 1881 633 1948 fortunis
662 1883 800 1969 spoliari
830 1891 864 1950 et
894 1905 998 1971 regno
1031 1880 1122 1946 omni

76 2010 172 2075 posse
188 1986 328 2052 nudari!

120 2110 255 2158 xxvm.
286 2092 338 2156 At
352 2092 453 2157 etiam
470 2113 509 2157 ec
525 2091 660 2178 negotio
685 2092 732 2155 M.
751 2091 889 2158 Catonis
913 2088 1177 2177 splendorem6⁰

77 2198 244 2264 maculare
275 2198 457 2264 voluerunt
486 2197 604 2283 ignari,
630 2196 713 2282 quid
739 2198 896 2284 gravitas,
926 2196 1010 2283 quid
1040 2196 1123 2259 inte·

76 2305 190 2391 gritas‚
222 2289 307 2388 quid
337 2301 535 2390 magnitudo
565 2302 678 2379 animi,
711 2302 795 2388 quid
829 2302 974 2388 denique
1014 2301 1123 2366 virtus

77 2408 215 2484 valeret,
232 2407 370 2492 quaein
385 2412 584 2491 tempestate
600 2427 701 2472 saeva
716 2408 832 2493 quieta
847 2415 900 2473 est
916 2414 951 2473 et
972 2406 1066 2470 lucet
1087 2402 1123 2466 in

109 2629 155 2688 19,
166 2629 213 2679 20.
238 2630 447 2680 constitutum
462 2641 588 2678 ...con·
647 2631 711 2692 §co
730 2630 755 2679 L
773 2631 815 2679 Μ.
834 2631 970 2680 Catonis.
992 2630 1060 2681 Cato
1071 2628 1125 2681 had

76 2706 300 2766 strictum,‘set
312 2721 349 2770 up
367 2742 373 2757 .
393 2743 399 2757 .
419 2743 426 2757 .
445 2706 510 2757 shut
521 2704 586 2769 up:’
615 2704 682 2755 heen
706 2706 805 2756 named
832 2705 867 2768 by
891 2705 1001 2756 Clodius
1029 2705 1057 2754 ln
1082 2705 1126 2757 his

77 2797 170 2834 aeeon
184 2783 205 2833 1.
219 2782 316 2834 30.25.
616 2781 662 2831 bill
695 2787 724 2832 to
756 2783 841 2832 direct
873 2783 921 2832 the
953 2782 1126 2845 proceedings

110 2860 175 2921 §sa
194 2859 295 2908 22-33.
312 2858 449 2909 hostem:
469 2873 504 2910 se.
529 2872 589 2909 nos·
615 2859 721 2922 against
753 2857 933 2919 Ptolemaeus,
969 2858 1034 2907 with
1079 2856 1127 2906 the

78 2939 159 2986 truvo.
194 2935 288 2986 Who?
321 2934 361 2985 de
378 2935 517 2998 imperio.
532 2933 589 2985 ‘for
615 2934 712 2985 double
729 2934 819 2997 object
835 2934 866 2984 of
884 2935 989 2997 getting
1004 2934 1062 2983 him
1079 2937 1128 2984 out

77 3011 255 3074 supremaey,’
275 3011 330 3073 i.e.‚
350 3025 415 3061 over
432 3012 478 3061 the
496 3011 586 3061 world.
615 3011 646 3060 ci
661 3011 745 3061 Rome
756 3011 801 3061 for
811 3011 858 3062 the
871 3011 937 3061 time
955 3010 992 3072 (p.
1005 3011 1045 3071 41,
1058 3007 1071 3066 ξ
1083 3007 1126 3071 75)

77 3087 256 3136 amicitiae.
274 3122 279 3135 .
297 3123 303 3136 .
319 3087 498 3137 societatis:
517 3087 590 3137 what
616 3087 668 3137 and
681 3088 711 3137 oi
727 3088 853 3150 securing
868 3087 912 3137 his
929 3091 1041 3150 support
1057 3086 1128 3136 aiter

78 3164 100 3213 is
118 3163 164 3212 the
181 3163 299 3226 positIon
317 3164 347 3214 oi
368 3177 464 3214 acmen
482 3163 590 3214 called?
616 3164 659 3214 his
671 3169 774 3224 return,
786 3162 816 3213 in
832 3178 893 3215 case
910 3164 971 3213 that
987 3163 1034 3212 the
1052 3162 1128 3226 legis·

78 3240 177 3291 Where
202 3239 255 3290 else
278 3239 356 3290 could
380 3240 401 3289 it
424 3240 527 3289 stand?
554 3242 591 3287 ut
617 3237 1127 3290 lationoiClodiusshouldbeaesailed

78 3316 178 3364 aiunt:
196 3329 240 3366 see
251 3330 287 3367 on
297 3315 318 3366 1.
332 3316 378 3364 15.
390 3315 431 3366 33.
460 3318 516 3373 est,
524 3315 590 3364 with
616 3317 651 3378 by
673 3317 720 3366 the
741 3317 886 3379 optimates
908 3330 937 3366 as
959 3315 1128 3366 unccnstitu·

81 3392 250 3453 publicatus,
263 3396 311 3442 not
322 3393 405 3442 vicus.
426 3391 520 3440 vivus
537 3427 543 3439 .
560 3427 567 3439 .
584 3426 590 3439 .
617 3391 711 3443 tional.

78 3467 592 3524 videnavictu...veetitu:n0tiee
650 3467 676 3516 4.
708 3469 747 3517 in
778 3470 1032 3530 tempestate.
1064 3471 1127 3528 ete..

78 3545 125 3593 the
144 3544 258 3594 iavorlte
273 3559 321 3594 use
337 3545 367 3595 of
383 3544 546 3595 alliteration
564 3544 592 3593 ln
618 3545 734 3594 maxims
750 3544 781 3594 oi
801 3545 848 3594 the
864 3544 939 3595 Stoie
954 3543 1127 3609 philosophy,

78 3621 214 3682 proverbe.
244 3621 594 3679 sescentas,‘somehun-
622 3620 708 3670 which
733 3619 827 3671 Cicero
848 3625 943 3683 quotes
970 3622 999 3672 ln
1027 3634 1129 3683 every

78 3697 157 3746 ‹lreds
174 3698 203 3746 of
214 3698 237 3747 :’
260 3698 307 3748 the
331 3697 403 3748 word
426 3697 448 3746 is
472 3697 538 3746 used
555 3698 594 3746 in·
620 3697 747 3746 differant
758 3702 822 3747 tone
833 3697 904 3748 irom
916 3697 976 3748 that
987 3696 1129 3763 employed

79 3773 216 3838 definitely
228 3774 257 3825 oi
274 3787 327 3836 any
339 3773 411 3837 large
422 3773 544 3824 number.
622 3773 691 3823 Mur.
707 3772 737 3836 ἐξ
754 3773 841 3825 cies.
