2678 4260
543 249 624 300 cer.
651 252 705 312 1-2‚
730 251 744 312 ς
766 249 822 300 aa
1172 239 1235 303 223

135 430 225 507 urbe,
257 451 334 495 cum
364 431 499 495 sceleris
531 430 584 494 sui
622 430 728 494 socios
767 429 907 495 huiusce
946 431 1065 496 nefarii
1104 432 1182 496 belli

134 536 311 601 acerrimos
350 533 452 599 duces
491 535 616 599 Romae
648 535 850 619 reliquisset,
882 557 1013 619 semper
1043 538 1183 622 vigilavi

134 638 1180 728 mmeQmmwmmmwmmmmmmm

134 743 338 809 absconditis
354 742 485 807 insidiis
502 744 588 824 salvi
603 765 674 808 esse
696 765 876 828 possemus,
925 762 964 808 11.
996 744 1082 808 Nam
1100 754 1183 820 tum,

135 847 1183 932 cmwmfflffimmmMmmmmww

134 953 235 1017 huius
266 951 360 1018 verbi
390 951 564 1028 invidiam,
598 973 674 1016 cum
705 952 764 1016 illa
796 953 902 1037 magis
940 954 986 1017 sit
1023 954 1182 1030 timenda,

134 1057 228 1142 quod
249 1057 349 1123 vivus
373 1056 528 1140 exierit)‚'
552 1055 611 1121 sed
637 1064 719 1132 tum.
746 1079 823 1121 cum
848 1057 944 1120 illum
967 1059 1183 1124 exterminari

134 1162 300 1238 volebam,
332 1169 392 1226 aut
421 1161 586 1246 reliquam
617 1160 869 1225 coniuratorum
908 1182 1044 1225 manum
1082 1163 1183 1227 simul
1220 1181 1235 1225 5

133 1267 302 1332 exituram
330 1271 391 1328 aut
420 1287 487 1342 eoa
512 1266 572 1350 qui
605 1265 821 1342 restitissent,
845 1264 994 1330 infirmos
1024 1267 1096 1331 sine
1125 1269 1183 1332 illo

133 1392 171 1435 ac
204 1369 330 1435 debiles
361 1368 432 1433 fore
463 1362 630 1453 putabam.
679 1369 796 1454 Atque
827 1391 889 1455 ego
921 1376 961 1433 ut
991 1369 1071 1447 vidi,
1097 1375 1225 1455 quos4

134 1476 281 1539 maximo
312 1473 426 1538 furore
458 1481 492 1537 et
522 1475 645 1538 scelere
677 1496 748 1539 esse
780 1472 1004 1539 inflammatos
1027 1475 1181 1553 sciebam,

133 1602 191 1646 eos
216 1579 389 1644 nobiscum
414 1600 485 1643 esse
513 1585 548 1642 et
572 1580 698 1643 Romae
723 1579 930 1655 remansisse,
947 1579 982 1642 in
1006 1601 1045 1643 eo
1069 1601 1184 1646 omnes

134 1685 206 1750 dies
222 1690 405 1768 noctesque
426 1685 628 1766 consumpsi,
646 1690 695 1759 ut,
712 1682 796 1767 quid
818 1689 966 1769 agerent,
984 1683 1068 1768 quid
1092 1685 1184 1748 moli·
1207 1702 1236 1747 10

133 1796 262 1864 rentur,
302 1789 462 1852 sentirem
501 1808 538 1851 ac
577 1786 736 1863 viderem,
768 1794 816 1862 ut,
848 1787 1007 1871 quoniam
1047 1787 1183 1852 auribus

134 1894 257 1959 vestris
294 1901 431 1976 propter
472 1891 701 1956 incredibilem
741 1890 1009 1976 magnitudinem
1047 1892 1182 1957 sceleris

135 2000 296 2062 minorem
312 1996 413 2061 fidem
431 1996 556 2061 iaceret
579 1997 684 2059 oratio
708 2018 792 2071 mea,
810 2018 877 2061 rem
902 1997 949 2060 ita
972 1996 1184 2079 comprehen-

135 2101 1185 2186 &mmmmmmmmmmmmmmffl

135 2210 226 2284 retia,
243 2229 320 2272 cum
343 2207 450 2271 oculis
474 2205 674 2270 maleficium
699 2206 810 2290 ipsum
835 2205 1004 2270 videretis.
1052 2206 1183 2292 Itaque,
1208 2225 1235 2269 15

135 2320 175 2378 ut
201 2312 347 2395 comperi
375 2312 504 2398 legatos
536 2309 761 2396 Allobrogum
793 2310 872 2374 belli
904 2309 1118 2394 Transalpini
1149 2320 1184 2376 et

134 2505 165 2541 eo
177 2491 206 2539 in
218 2490 233 2551 ς
243 2491 268 2538 4.
281 2488 297 2540 'l
308 2489 361 2538 and
376 2489 414 2538 16.
449 2487 560 2548 paucis
577 2489 650 2535 ante
670 2487 832 2549 suspension
850 2486 878 2534 oi
895 2485 1011 2537 clauses:
1032 2499 1076 2536 see
1092 2500 1128 2536 on
1146 2487 1182 2536 II.

135 2566 260 2616 diebus:
284 2566 346 2615 how
366 2564 431 2627 long
453 2563 568 2613 before?
601 2563 651 2613 See
670 2562 716 2611 17.
733 2565 757 2613 2.

134 2658 160 2707 p.
174 2642 216 2704 31,
234 2643 290 2704 §51
308 2640 342 2690 ad
360 2640 406 2689 fin.
441 2639 554 2689 duces:
571 2653 651 2689 name
701 2639 786 2697 210.
803 2639 836 2687 in
855 2651 893 2688 eo
912 2642 956 2699 ut,
977 2639 1023 2688 ‘in
1041 2640 1087 2688 the
1105 2640 1185 2691 effort

135 2721 220 2783 them,
233 2733 260 2782 p.
273 2718 315 2781 32,
329 2717 394 2780 554.
670 2716 717 2766 to.’
763 2718 897 2778 agerent,
920 2715 1119 2764 molirentur:
1147 2718 1182 2766 cf.

670 2793 740 2842 Mur.
751 2792 798 2843 82.
814 2793 852 2843 18.

166 2872 193 2921 3.
210 2871 302 2920 huius
314 2870 404 2920 verbi
415 2869 573 2928 invidiam,
588 2869 651 2920 ‘the
701 2869 747 2918 1³.
765 2861 916 2918 minorem
933 2904 939 2916 .
956 2904 962 2916 .
979 2904 985 2916 .
1003 2869 1112 2926 oratio,
1123 2869 1129 2893 ⁴
1141 2883 1185 2932 my

135 2949 274 3014 prejudice
292 2948 406 2998 aroused
430 2948 465 3010 by
483 2947 538 2996 this
556 2945 648 3009 word,'
669 2949 757 2999 words
775 2949 872 3012 gained
890 2948 941 2997 less
959 2945 1101 2997 credeuce’
1116 2946 1184 2995 than

135 3028 191 3088 l.e.,
216 3025 364 3076 eiciebam:
387 3038 431 3074 see
454 3038 490 3075 on
513 3023 551 3073 II.
575 3024 602 3071 1.
624 3023 647 3072 4.
670 3026 734 3087 they
746 3025 873 3074 deserved
894 3024 949 3085 (see
967 3038 1003 3073 on
1017 3024 1053 3072 11.
1067 3022 1093 3072 9.
1105 3023 1141 3083 3),
1155 3037 1186 3072 or

134 3102 190 3151 illa
208 3101 344 3163 (invidia),
362 3099 506 3164 explained
524 3101 560 3162 by
577 3101 650 3161 qaod
672 3102 734 3151 ‘too
745 3101 815 3150 little
827 3101 973 3152 credence.’

136 3214 143 3229 .
163 3214 170 3228 .
190 3214 197 3229 .
217 3179 323 3228 exierit.
700 3177 804 3236 14,1⁵.
821 3181 909 3226 ut...
922 3177 1085 3226 videretis:
1103 3176 1184 3226 while

167 3255 194 3302 4.
212 3253 276 3312 ced,
287 3254 450 3316 resumptivc
463 3265 470 3302 :
486 3253 560 3302 what
571 3252 650 3303 other
669 3255 716 3304 the
728 3255 856 3317 meaning
868 3255 890 3303 is
901 3254 986 3316 plain,
999 3267 1016 3302 a
1028 3267 1102 3303 more
1119 3252 1185 3314 logi-

135 3331 210 3383 word
223 3331 310 3393 might
320 3330 391 3380 have
402 3331 471 3380 been
481 3329 570 3379 used?
600 3330 649 3380 See
669 3331 709 3380 eal
722 3336 912 3394 arrangement
924 3329 1011 3380 would
1023 3330 1093 3379 have
1105 3330 1182 3391 been,

136 3409 158 3459 Ι.
171 3407 199 3457 9.
216 3409 255 3458 16.
291 3406 500 3463 exterminari,
520 3406 584 3469 ‘put
601 3413 650 3456 out
669 3411 699 3458 ut
711 3408 797 3457 oculis
808 3407 972 3470 maleficium
982 3407 1110 3456 videretis
1119 3419 1185 3467 quo·

137 3485 179 3546 (oi
201 3484 249 3534 the
270 3483 372 3545 state)‚’
399 3483 576 3544 ‘banisbed3’
603 3485 649 3532 the
669 3486 743 3533 niam
761 3487 818 3533 tum
835 3485 940 3534 demum
959 3482 1024 3545 (ie,
1044 3497 1104 3533 cum
1121 3518 1128 3531 .
1148 3517 1155 3530 .
1175 3518 1181 3531 .

136 3562 264 3625 meaning
295 3559 524 3610 ‘exterminated’
552 3561 574 3609 ls
601 3565 649 3608 not
668 3558 808 3621 videretis)
836 3562 937 3609 animis
965 3559 1050 3608 soluti
1077 3561 1184 3608 vestrae

135 3638 222 3689 found
234 3639 264 3688 in
275 3637 397 3687 classical
410 3637 500 3686 Latin.
668 3638 854 3697 provideretis.

168 3716 182 3778 ς
210 3716 234 3766 4.
261 3714 287 3763 7.
313 3725 370 3776 ego
391 3713 650 3773 ...consumpsi
701 3712 747 3760 16.
779 3711 1050 3774 be11i‚tumultus:
1074 3712 1117 3761 ior
1130 3710 1185 3762 dis-

137 3791 165 3850 (1.
187 3791 241 3855 10),
260 3806 295 3844 an
318 3789 453 3846 excellent
475 3788 598 3860 example
621 3789 650 3838 of
669 3789 787 3845 unctior
799 3802 843 3846 sec
855 3789 972 3846 cutim.
986 3788 1034 3842 22.
1047 3789 1070 3843 6.
