2678 4260
177 245 242 313 514
535 258 608 309 rao
630 260 661 309 r.
685 259 812 310 susrro
835 257 984 310 canum.

135 482 137 486 ,
191 448 206 494 c
228 432 401 507 maiorum,
427 429 561 508 iudicia,
587 431 671 495 iuris
696 429 808 507 dictio,
835 430 927 506 fides,
954 430 1156 514 provinciae,
1184 431 1278 508 socii,

176 540 216 601 99
229 535 359 621 imperii
389 535 474 611 laus,
502 556 555 599 res
585 534 750 611 militaris,
782 535 957 599 aerarium.
1005 534 1137 627 Harum
1165 557 1278 600 rerum

230 647 282 704 tot
310 647 413 723 atque
453 645 626 703 tantarum
667 660 739 703 esse
776 637 986 703 defensorem
1025 645 1060 702 et
1097 646 1277 723 patronum

231 744 344 830 magni
388 743 492 807 animi
531 750 592 820 est,
632 743 745 829 magni
783 744 911 829 ingenii
951 764 1160 828 magnaeque
1203 737 1280 808 con-

229 848 383 913 stantiae.
445 848 578 912 Etenim
619 848 654 910 in
693 853 787 911 tanto
826 847 951 911 civium
984 868 1122 911 numero
1154 869 1279 933 magna

177 968 207 1015 ιο
228 951 412 1017 multitudo
436 959 488 1017 est
510 974 635 1027 eorum,
660 953 720 1036 qui
747 958 807 1016 aut
833 959 968 1036 propter
995 958 1122 1015 metum
1150 973 1277 1035 poenae

230 1063 444 1141 peccatorum
459 1078 598 1120 suorum
616 1056 742 1120 conscii
765 1077 870 1120 novos
894 1062 1005 1119 motus
1029 1055 1278 1120 conversiones-

232 1182 298 1245 que
323 1160 372 1224 rei
398 1159 553 1244 publicae
582 1166 756 1244 quaerant,
789 1168 849 1223 aut
880 1160 939 1243 qui
970 1166 1112 1243 propter
1135 1159 1276 1222 insitum

230 1263 399 1349 quendam
414 1264 518 1327 animi
533 1262 681 1328 furorem
703 1263 878 1328 discordiis
903 1264 1027 1327 civium
1050 1284 1088 1327 ac
1109 1262 1276 1328 seditione

230 1376 419 1454 pascantur,
436 1376 498 1433 aut
518 1369 577 1452 qui
601 1375 738 1452 propter
761 1368 1015 1452 inplicationem
1038 1368 1085 1431 rei
1101 1366 1277 1430 familiaris

178 1489 205 1535 15
228 1473 399 1537 communi
425 1472 580 1536 incendio
608 1473 728 1536 malint
752 1493 854 1557 quam
878 1492 940 1536 suo
967 1469 1160 1557 deflagrare.
1208 1470 1276 1549 Qui

230 1598 308 1642 cum
319 1573 453 1641 'tutores
468 1583 550 1640 sunt
565 1583 601 1641 et
615 1576 718 1641 duces
734 1597 872 1640 suorum
889 1575 1081 1640 studiorum
1104 1575 1277 1639 vitiorum-

230 1703 295 1766 que
312 1681 412 1758 nacti,
429 1681 465 1743 in
481 1702 515 1744 re
539 1680 673 1764 publica
695 1679 818 1745 fluctus
844 1681 1046 1755 excitantur,
1073 1687 1112 1743 ut
1135 1679 1277 1766 vigilan>-

230 1785 310 1849 dum
326 1785 372 1848 sit
387 1784 437 1861 iis,
455 1785 515 1869 qui
531 1784 595 1848 sibi
610 1784 839 1870 gubernacula
852 1785 978 1869 patriae
996 1784 1275 1868 depoposcerunt,

229 1887 494 1973 enitendumque
519 1890 611 1952 omni
636 1890 777 1953 scientia
804 1910 842 1952 ac
870 1888 1056 1975 diligentia,
1083 1897 1123 1952 ut
1146 1910 1277 1954 conser-

176 2010 206 2055 ao
227 1994 316 2059 vatis
340 1993 392 2069 iis,
418 2014 504 2078 quae
530 2014 593 2078 ego
618 1994 718 2077 paulo
735 2000 813 2057 aute
838 1992 1059 2057 fundamenta
1074 2014 1111 2057 ao
1128 1994 1276 2058 membra

228 2119 299 2163 csse
325 2096 407 2173 dixi,
433 2105 549 2162 tenere
576 2118 711 2160 cursum
737 2098 868 2181 possint
892 2104 926 2161 et
952 2118 1069 2180 capere
1089 2098 1151 2160 otii
1177 2099 1275 2162 illum

156 2206 213 2268 100
228 2208 363 2286 portum
379 2208 414 2264 et
429 2200 617 2287 dignitatis.
664 2201 762 2265 Hanc
787 2222 850 2287 ego
874 2203 972 2277 viam,
1000 2201 1137 2277 iudices,
1162 2203 1191 2265 si
1215 2210 1276 2268 aut

230 2327 381 2390 asperam
408 2311 511 2390 atque
538 2305 678 2369 arduam
704 2312 765 2369 aut
791 2306 924 2389 plenam
950 2327 1021 2370 esse
1048 2307 1276 2390 periculorum

228 2417 288 2474 aut
302 2409 501 2475 insidiarum
516 2431 647 2496 negem,
665 2410 817 2485 mentiar,
834 2411 1029 2494 praesertim
1049 2432 1126 2474 curn
1150 2410 1184 2474 id
1208 2432 1277 2474 non

175 2530 204 2575 25
226 2513 325 2577 modo
353 2514 581 2579 intellexerim
605 2535 747 2598 semper,
776 2514 837 2579 sed
867 2514 968 2578 etiam
1001 2522 1132 2599 praeter
1147 2522 1276 2581 ceteros

226 2617 397 2683 senserim.

272 2738 385 2784 xuvn.
411 2720 596 2786 Maioribus
611 2722 784 2807 praesidiis
801 2730 836 2788 et
857 2725 960 2808 copiis
984 2733 1200 2810 oppugnatur
1223 2748 1276 2792 res

228 2824 360 2910 publica
374 2847 476 2910 quam
491 2824 697 2904 defenditur,
713 2836 890 2913 propterea
903 2828 995 2912 quod
1010 2828 1153 2893 audaces
1174 2830 1278 2894 homi-

257 3031 284 3080 ⁵.
304 3030 428 3087 iudicia,
437 3030 513 3078 iuris
526 3031 632 3088 dictio,
645 3032 738 3081 ‘crim-
762 3031 895 3093 lessness‚’
922 3031 1110 3082 ‘radicalism’
1147 3034 1276 3096 inplica-

225 3107 281 3156 inal
298 3106 351 3155 and
372 3106 435 3154 civil
453 3106 523 3156 law!
568 3107 655 3164 fides,
676 3108 738 3157 ‘na-
760 3108 885 3164 tionem,
900 3107 1041 3158 ‘involved
1063 3110 1152 3159 state!
1189 3123 1275 3161 com·

225 3182 309 3232 tional
322 3182 427 3233 credit)
760 3184 847 3232 muni
858 3185 1022 3236 incendio:
1041 3187 1083 3236 for
1095 3188 1142 3237 the
1157 3188 1276 3253 thought

258 3259 271 3320 ᾗ
292 3259 330 3308 99.
357 3258 382 3315 7,
402 3257 428 3305 Β.
459 3262 624 3316 tantarum,
646 3263 736 3308 tanto
760 3259 794 3307 cf.
809 3258 847 3309 11.
862 3260 907 3306 21.
922 3261 1007 3310 11-14.

227 3333 252 3392 (l.
273 3334 314 3394 9)ss
331 3339 469 3383 comment
488 3349 562 3396 upon
585 3335 657 3384 their
679 3350 734 3385 use.
791 3333 893 3383 16-21.
910 3339 1039 3394 tutores,
1053 3336 1276 3394 duceuaccusa-

225 3421 294 3458 esse
307 3408 520 3458 defensorem:
538 3412 585 3459 the
602 3412 737 3472 predicate
760 3411 836 3460 tives.
879 3416 966 3461 sunt:
999 3414 1058 3474 joiu
1092 3415 1159 3463 with
1187 3418 1274 3467 nacti.

224 3499 316 3547 agrees
338 3485 365 3533 in
386 3499 446 3534 case
470 3487 535 3534 with
559 3488 606 3535 the
624 3488 737 3536 omitted
759 3487 936 3536 studiorum
954 3489 1116 3538 vitiorum:
1134 3491 1178 3539 for
1190 3492 1275 3555 figure

224 3562 294 3624 subj.
325 3562 354 3611 of
387 3575 452 3622 esse,
481 3562 600 3622 aliquem
620 3586 646 3610 =
668 3563 737 3625 ‘any
760 3562 940 3624 cf.§§85.2o;
958 3566 1046 3615 2334.
1082 3566 1274 3627 gubernacu-

224 3638 400 3688 one:’seeon
412 3639 482 3687 Mur.
493 3638 539 3687 16.
549 3639 590 3698 30,
605 3639 735 3699 31;15.3.
759 3637 796 3685 la.
831 3640 902 3702 Why
924 3642 1036 3703 plural?
1080 3645 1187 3692 tenere
1206 3656 1275 3693 cur-

225 3712 326 3769 animi,
334 3712 504 3761 etczforthe
512 3726 571 3773 gen.
581 3713 686 3773 cf.§86.
697 3715 735 3762 15.
760 3726 836 3772 sum,
857 3728 986 3778 capere:
1017 3718 1060 3766 for
1087 3720 1217 3784 meaning
1236 3721 1271 3770 cf.

256 3787 357 3836 13-15.
376 3787 471 3836 animi
492 3788 636 3845 furorem,
656 3788 737 3839 ‘mst-
761 3789 836 3840 Caes.
852 3792 902 3856 IV,
916 3792 954 3859 ἓξ
966 3794 1000 3860 ad
1013 3793 1059 3858 lin,
