2678 4260
489 280 683 337 axcuasus
706 278 759 335 111.
1119 263 1182 335 251

98 453 127 507 ln
150 454 187 509 Μ.
206 458 295 509 Tullio
317 475 405 522 neque
424 461 467 510 liis
484 461 609 522 temperi·
635 460 782 522 Postquam
799 474 842 509 res
861 458 969 522 publica
985 457 1102 507 adolevit
1118 458 1184 507 et40

99 535 148 584 bus
159 550 262 585 vereor:
280 537 365 585 sedin
384 551 483 599 magna
500 537 609 585 civitate
635 537 809 585 multitudine
837 536 936 585 civium
954 535 1086 584 factiones
1102 548 1147 585 va-

58 611 88 655 36
98 611 184 661 multa
195 618 222 660 et
234 614 308 661 valla
325 613 435 676 ingenia
451 621 524 662 sunt.
560 614 609 662 Pe
635 613 715 673 luere,
723 613 911 662 circumveniri
918 613 1084 672 innocentes,
1093 611 1146 661 alia

99 693 151 737 test
162 688 216 737 alio
227 693 356 751 tempore,
370 689 424 738 alio
435 688 553 748 consule,
565 690 606 738 cui
635 690 819 739 huiuscemodi
834 689 888 738 lieri
901 702 1021 751 coepere,
1032 694 1090 737 tum
1102 687 1146 737 lex

98 765 163 813 item
174 766 307 815 exercitus
318 766 345 815 in
359 780 443 814 manu
454 766 498 825 sit,
506 765 607 814 falsum
635 767 729 815 Porcia
740 765 861 828 aliaeque
870 765 942 829 leges
953 771 1063 827 paratae
1071 769 1143 826 sunt,

97 840 199 903 aliquid
211 855 259 903 pro
271 856 334 891 vero
346 841 430 891 credi:
443 843 488 890 ubi
502 843 553 891 boc
564 856 609 890 ex·
635 843 731 904 quibus
749 842 851 904 legibus
868 842 993 891 exsilium
1009 842 1145 891 damnatis

97 916 187 980 emplo
203 932 251 980 per
261 925 371 968 senatus
391 918 527 969 decretum
547 933 610 968 con·
633 919 794 980 permissum
804 925 853 967 est.
878 919 959 968 Hanc
967 932 1017 981 ego
1026 932 1144 980 causam,
1153 918 1183 963 41

97 994 138 1043 sul
147 993 404 1057 gladiumeduxerit,
413 995 473 1056 quis
482 994 608 1043 illifinem
635 1000 724 1056 patres
767 995 921 1057 conscripti,
958 1009 1012 1057 quo
1055 995 1145 1044 minus

97 1076 199 1121 statuet
209 1076 257 1122 aut
269 1072 329 1134 quis
342 1071 546 1121 moderabitur?
636 1085 733 1121 novom
762 1071 905 1120 consilium
937 1072 1084 1133 capiamus,
1117 1072 1145 1120 in

58 1153 87 1200 37
129 1148 244 1198 Maiores
253 1149 347 1210 nostri,
357 1149 607 1210 patresconscriptl,
635 1149 728 1210 primis
750 1162 877 1210 magnam
899 1154 975 1210 puto⁴
1021 1148 1183 1197 Proiect042

97 1238 183 1287 neque
202 1224 296 1275 consili
314 1239 400 1290 neque
412 1226 539 1275 audaciae
552 1239 609 1274 um·
635 1226 720 1274 virtus
737 1230 817 1286 atque
838 1225 971 1287 sapientia
988 1224 1076 1273 maior
1093 1223 1145 1272 illis

97 1315 178 1364 quam
204 1315 308 1365 eguere,
332 1316 419 1365 neque
442 1301 495 1352 illis
519 1317 609 1364 super·
634 1301 697 1362 fuit,
725 1301 770 1364 qui
798 1315 832 1349 ex
858 1301 947 1363 parv1s
970 1301 1065 1363 opibus
1087 1304 1146 1348 tan-

97 1378 142 1427 bia
168 1379 301 1440 obstabat,
326 1392 380 1440 quo
403 1379 492 1428 minus
519 1379 608 1428 aliena
634 1384 693 1426 tum
717 1377 859 1440 imperium
883 1377 979 1439 fecere,
1008 1390 1089 1438 quam
1117 1377 1145 1425 in

97 1455 232 1516 instituta,
259 1456 281 1505 si
304 1455 384 1504 modo
409 1456 493 1518 proba
521 1461 606 1517 erant,
635 1455 719 1515 nobis,
749 1455 795 1516 qui
826 1468 858 1503 ea
892 1454 960 1503 bene
993 1458 1072 1516 parta
1099 1454 1145 1502 vix

58 1530 274 1582 38imitarentur.
311 1532 396 1581 Arma
404 1537 486 1596 atque
495 1531 550 1581 tela
558 1533 608 1580 mi·
634 1532 788 1581 retinemus.

97 1609 187 1658 litaria
216 1609 251 1658 ab
280 1608 456 1671 Samnitibus,
491 1609 608 1673 insignia
666 1608 758 1656 Placet
766 1609 900 1670 igitureos
909 1607 1009 1656 dimitti
1019 1612 1046 1656 et
1055 1608 1184 1669 augerilss

98 1689 303 1749 magistratuum
319 1687 353 1735 ab
371 1686 465 1735 Tuscis
482 1685 608 1748 pleraque
634 1685 782 1734 exercitum
811 1683 969 1733 Catilinae?
1012 1683 1142 1733 Minume.

97 1768 284 1824 sumpserunt3
305 1769 442 1825 postremo
462 1763 533 1824 quod
551 1764 609 1812 ubi·
634 1761 687 1812 Sed
696 1761 735 1810 ita
746 1773 853 1810 censeo:
865 1759 1041 1823 publicandas
1053 1773 1145 1809 eorum

97 1852 150 1902 que
170 1839 243 1902 apud
265 1841 351 1889 socios
370 1845 417 1888 aut
439 1839 526 1889 hostis
553 1839 608 1888 ido·
634 1839 771 1900 pecunias,
800 1838 873 1900 ipsos
902 1837 930 1885 in
955 1835 1072 1887 vinculis
1099 1836 1147 1886 ha·

97 1927 179 1964 neum
190 1914 339 1975 videbatur,
353 1929 416 1964 cum
433 1928 540 1965 summo
553 1919 609 1964 stu·
634 1915 735 1965 bendos
752 1929 800 1977 per
817 1913 973 1976 municipia,
986 1926 1055 1976 quae
1072 1927 1146 1963 max-

97 1991 143 2041 dio
161 1991 234 2041 domi
257 1992 486 2054 exsequebantur:
508 1992 608 2041 imitari
635 2006 697 2042 urue
730 1993 826 2054 opibus
862 1990 966 2041 valent:
999 2004 1053 2040 neu
1086 1991 1146 2053 quis

97 2081 178 2130 quam
206 2068 325 2117 invidere
353 2068 432 2117 bonis
462 2067 605 2117 malebant.
635 2069 667 2118 de
699 2069 737 2118 eis
770 2075 864 2130 postea
891 2069 925 2118 ad
953 2074 1078 2118 senatum
1106 2081 1147 2117 re-

57 2144 149 2193 398εά
166 2144 259 2194 eodem
278 2143 325 2193 illo
342 2150 463 2208 tempore
480 2144 609 2194 Graeciae
635 2145 712 2205 ierat,
726 2159 794 2194 neve
811 2159 872 2194 cum
889 2145 991 2208 populo
1007 2150 1082 2206 agat:
1099 2143 1146 2206 qui

96 2234 199 2270 morem
212 2221 310 2269 imitati
324 2221 476 2270 verberibus
488 2221 609 2270 animad-
634 2221 713 2270 aliter
724 2221 826 2282 iecerit,
840 2227 963 2270 senatum
981 2221 1146 2269 existumare

97 2297 239 2346 vertebant
258 2298 286 2345 in
304 2297 378 2356 civis,
397 2297 430 2346 de
447 2297 609 2347 condemna·
635 2312 696 2346 eum
708 2302 802 2347 contra
814 2311 869 2346 rem
887 2297 1021 2358 publicam
1033 2300 1061 2345 et
1077 2295 1147 2345 salu·

97 2374 132 2422 tis
140 2387 278 2422 summum
286 2372 447 2436 supplicium
456 2373 607 2423 sumebant
635 2378 691 2424 tem
702 2373 826 2425 omnium
837 2371 1003 2423 facturum.'’
