2678 4260
178 251 239 317 276
433 265 473 313 nv
495 263 707 314 cnrnruan
730 264 870 314 onarro
898 262 1062 324 curura,

227 437 310 502 tutis
341 435 505 511 liberavit,
533 443 756 519 anteponatur
780 434 933 499 erunibus
959 434 1150 518 Pompeius,
1176 435 1272 499 cuius

227 561 278 604 res
294 546 407 624 gestae
423 547 526 623 atque
543 540 686 604 virtutes
709 537 812 603 isdem
838 538 964 624 quibus
983 538 1063 602 solis
1087 560 1205 603 cursus
1227 532 1275 604 re·

226 641 382 728 giouibus
406 664 444 707 ac
468 643 618 706 terminis
647 644 883 717 continentum
916 642 980 706 erit
1011 642 1162 726 profecto
1186 644 1274 708 inter

227 747 346 810 horum
376 745 491 810 laudes
522 746 652 830 aliquid
683 746 748 811 loci
781 752 914 810 nostrae
938 747 1074 832 gloriae,
1097 748 1163 811 uisi
1187 746 1273 812 forte

175 867 204 912 25
227 852 332 914 maius
348 857 399 914 est
415 848 604 933 patefacere
629 849 724 914 nobis
749 850 948 933 provincias
966 871 1033 934 quo
1058 851 1148 915 exire
1173 853 1275 934 possi-

229 977 311 1030 mus,
337 975 435 1038 quam
461 975 585 1029 curare,
611 961 650 1018 ut
676 954 776 1018 etiam
792 954 852 1030 illi,
878 954 937 1038 qui
961 952 1094 1029 absunt,
1118 952 1272 1030 habeant,

175 1062 215 1124 22
227 1079 294 1142 quo
321 1059 463 1121 victores
491 1064 713 1122 revertantur.
775 1056 989 1142 Quamquam
1020 1065 1071 1121 est
1102 1078 1169 1121 uno
1200 1058 1273 1123 loco

228 1160 379 1226 condicio
408 1161 524 1225 melior
551 1169 708 1226 externae
736 1162 895 1238 victoriae
927 1183 1028 1247 quam
1058 1161 1271 1238 domesticae,

227 1265 318 1351 quod
356 1266 468 1329 hostes
507 1267 712 1352 alienigenae
746 1273 805 1330 aut
843 1267 992 1352 oppressi
1029 1267 1184 1330 serviunt
1213 1273 1273 1331 aut

174 1386 204 1431 30
226 1371 350 1454 recepti
379 1369 539 1435 beneficio
569 1392 604 1434 se
635 1371 798 1457 obligatos
830 1377 971 1455 putant3
1003 1371 1062 1455 qui
1086 1377 1200 1434 autem
1231 1393 1272 1435 ex

227 1495 366 1539 nurnero
382 1475 506 1537 civium
524 1473 692 1538 dementia
707 1475 821 1559 aliqua
837 1475 1009 1558 depravati
1022 1474 1134 1538 hostes
1146 1476 1273 1559 patriae

227 1579 330 1642 semel
354 1599 425 1642 esse
450 1586 643 1662 coeperunt,
661 1600 716 1643 eos
740 1601 816 1642 curn
840 1601 859 1642 a
882 1580 1027 1663 pernicie
1045 1579 1092 1642 rei
1119 1578 1272 1663 publicae

225 1682 419 1766 reppuleris,
437 1704 497 1746 nec
514 1684 548 1745 vi
565 1687 714 1747 coercere
736 1705 796 1748 nec
820 1683 979 1754 beneficio
1002 1682 1132 1766 placare
1157 1685 1271 1768 possis.

140 1783 144 1790 ’
227 1786 340 1865 Quare
357 1786 437 1849 mihi
454 1807 530 1850 cum
546 1785 685 1870 perditis
702 1786 831 1851 civibus
855 1795 1028 1851 aeternum
1052 1787 1180 1851 bellum
1204 1809 1273 1852 sus-

173 1906 202 1952 35
225 1897 357 1974 ceptum
376 1911 447 1955 esse
464 1889 572 1954 video.
620 1890 661 1954 Id
676 1912 738 1977 ego
751 1898 862 1955 vestro
876 1891 1105 1975 bonorumque
1121 1893 1272 1955 omnium

212 1994 352 2074 auxilio
380 1996 605 2079 memoriaque
630 2001 801 2058 tantorum
830 1994 1065 2079 periculorum,
1090 2016 1176 2079 quae
1204 2017 1271 2059 non

225 2096 322 2162 modo
338 2099 372 2160 in
389 2098 451 2162 hoc
475 2099 609 2183 populo,
627 2100 687 2183 qui
710 2106 864 2164 servatus
890 2106 950 2173 est,
976 2099 1034 2163 sed
1060 2100 1094 2161 in
1120 2100 1271 2162 omnium

225 2202 378 2286 gentium
393 2201 601 2266 sermonibus
618 2223 656 2266 ae
673 2201 842 2266 mentibus
859 2224 989 2286 semper
1005 2201 1165 2276 haerebit,
1183 2225 1202 2266 a
1220 2225 1270 2267 me

224 2313 326 2389 atque
352 2327 371 2368 a
398 2307 479 2370 meis
504 2304 601 2369 facile
629 2306 815 2390 propulsari
843 2327 937 2389 posse
963 2305 1103 2370 confide.
1151 2306 1269 2392 Neque

171 2424 201 2470 40
223 2410 293 2473 ulla
309 2409 459 2494 proiecto
487 2417 581 2473 tanta
605 2410 656 2474 vis
680 2411 876 2493 reperietur,
895 2431 980 2494 quae
998 2411 1269 2475 coniunctionem

224 2520 370 2577 vestram
393 2514 615 2598 equitumque
643 2513 870 2577 Romanorum
892 2520 927 2577 et
955 2520 1084 2577 tantam
1106 2516 1271 2598 conspira-

253 2717 298 2774 24,
308 2718 353 2766 25.
371 2718 441 2776 loci,
451 2719 586 2781 partitive.
613 2716 735 2778 gloriae,
757 2732 828 2768 rura:
843 2716 961 2779 ‘victory
969 2732 1033 2766 over
1040 2718 1144 2780 foreign
1152 2720 1269 2768 enemies

221 2792 319 2842 dative.
345 2794 493 2843 nisifortc
503 2795 524 2843 is
533 2793 598 2842 used
607 2792 736 2855 precisely
758 2793 824 2841 than
842 2793 944 2854 victory
964 2807 1028 2842 over
1047 2794 1105 2841 foes
1122 2799 1150 2841 at
1167 2794 1266 2843 home'

221 2881 251 2917 as
262 2869 316 2918 nist
334 2883 406 2919 vero:
425 2870 459 2918 cf.
475 2867 487 2925 ξ
501 2870 538 2918 13.
552 2869 592 2918 41.
629 2869 734 2926 maius,
758 2867 899 2929 oppressi
917 2867 1065 2924 serviunt
1091 2869 1189 2917 ‘when
1207 2883 1269 2918 con-

223 2941 367 3005 ‘agreater
381 2944 455 2993 feat'
491 2956 560 3005 quo,
571 2942 681 2992 relative
690 2945 736 2992 ad·
756 2944 865 3006 quered,
884 2944 993 2992 became
1015 2957 1065 2992 our
1083 2943 1189 2992 slaves.'
1224 2957 1268 3007 ve·

221 3020 321 3068 verb:
332 3021 368 3069 cd
380 3034 467 3081 quus:
480 3021 553 3068 what
565 3020 586 3068 is
594 3020 616 3068 it
627 3021 735 3082 equiva—
757 3019 854 3080 cepti:
872 3018 1005 3080 complete
1022 3018 1068 3066 the
1086 3019 1185 3080 phrase
1197 3020 1267 3069 from

222 3093 279 3144 lent
291 3102 318 3145 to
331 3097 358 3144 in
372 3097 440 3145 Mur.
455 3095 500 3144 28.
515 3096 566 3145 18?
579 3096 607 3143 in
621 3096 672 3145 111.
687 3096 733 3145 28.
757 3095 832 3145 Caes.
847 3094 867 3143 I.
883 3095 908 3141 5.
920 3095 937 3141 4
948 3094 981 3142 ad
995 3094 1039 3142 fin.

221 3172 275 3221 25?
292 3173 343 3221 and
357 3173 442 3222 below
454 3173 482 3220 in
499 3172 515 3220 l.
529 3173 560 3222 27
579 3171 624 3233 (cf.
639 3173 733 3234 aliquo
787 3170 887 3219 33-37.
905 3170 1022 3231 possis:
1034 3171 1165 3219 fornrood
1177 3170 1211 3221 Α.
1222 3171 1267 3220 311

223 3246 244 3296 Ι.
258 3247 380 3309 17.24)v
755 3259 791 3307 u‚·
810 3246 842 3296 G.
857 3247 916 3307 2503
935 3246 970 3294 H.
989 3246 1036 3294 485
1054 3261 1072 3294 n
1089 3246 1116 3306 33
1129 3242 1161 3295 B.
1175 3245 1225 3295 280
1242 3244 1265 3294 2.

253 3320 317 3377 §aa
336 3322 436 3372 av-ao
454 3322 664 3381 un01000,⁴rn
682 3337 733 3372 one
754 3321 841 3370 mihi:
859 3323 941 3371 casea
965 3322 1002 3371 11.
1018 3321 1063 3369 26.
1076 3322 1098 3370 a.
1134 3334 1199 3370 non
1216 3358 1222 3370 .
1239 3357 1267 3370 ..
1331 3310 1335 3319 ’

222 3397 343 3458 respect!
392 3401 539 3447 externae
573 3398 732 3455 victoriae,
754 3398 849 3447 modo
867 3434 872 3445 .
890 3433 895 3444 .
913 3433 918 3444 .
936 3396 1007 3446 sed:
1025 3412 1068 3447 see
1086 3411 1122 3446 on
1137 3398 1175 3447 II.
1189 3398 1215 3447 Β.
1227 3399 1266 3459 28,

222 3478 288 3521 etc:
304 3474 350 3521 the
362 3473 507 3534 adjectives
520 3475 583 3522 take
596 3475 642 3522 the
656 3473 733 3534 place
754 3474 807 3522 and
820 3475 862 3522 for
874 3473 920 3521 the
929 3472 1015 3521 whole
1027 3473 1154 3535 thought,
1164 3473 1199 3522 cf.
1214 3474 1265 3523 111.

222 3548 251 3596 of
281 3548 411 3610 objective
439 3550 579 3611 gentines,
605 3553 732 3600 externae
754 3549 856 3598 26.9f.

222 3627 354 3676 victoriae
371 3627 450 3688 belng
467 3627 622 3689 equivalent
640 3633 668 3675 to
680 3630 733 3676 vic·
785 3625 887 3674 40—41.
906 3625 1164 3675 coniunctionem
1186 3638 1268 3675 vea-

222 3702 309 3750 tortae
333 3701 458 3760 hostium,
484 3702 537 3749 and
569 3702 732 3750 dorneetr‘cae
753 3704 840 3757 tram,
859 3707 920 3760 etc,
936 3701 1019 3760 ‘your
1037 3703 1120 3750 union
1136 3703 1204 3751 with
1222 3703 1267 3751 the

222 3779 353 3829 victoriae
385 3784 414 3830 to
444 3781 574 3831 victoriae
610 3780 732 3830 inimico·
755 3778 859 3827 Roman
886 3777 1025 3841 knights:’
1055 3778 1091 3828 cf.
1121 3777 1133 3836 t
1158 3779 1196 3830 15.
1226 3778 1265 3832 27.
