2678 4260
187 254 253 324 500
540 267 612 318 rao
634 269 665 318 r.
690 266 819 318 snsrio
840 264 991 318 oacrio.

241 463 317 508 cum
334 448 424 506 esset
439 440 571 505 ablatus
588 440 801 525 primumque
817 439 1002 523 resipiscet,
1026 461 1094 503 nou
1117 461 1152 504 se
1175 438 1296 506 referri

188 552 225 614 81
241 545 365 611 iussit?
410 544 477 609 Ubi
508 551 560 608 est
591 543 740 607 crimen?
779 541 862 629 quid
892 543 1162 629 reprehenditis?
1226 543 1294 609 Hic

201 667 376 738 oquaero,
402 648 548 713 iudices:
585 646 621 711 Si
651 647 710 710 illo
741 646 795 711 die
827 668 911 733 gens
942 647 1008 712 ista
1039 645 1168 724 Clodia,
1200 646 1295 732 quod

240 754 349 820 fecere
374 753 493 828 voluit,
525 750 703 826 effecisset,
731 751 761 815 si
782 751 821 814 P.
847 749 986 827 Sestius,
1012 752 1069 835 qui
1096 773 1157 835 pro
1183 752 1294 816 occiso

240 858 378 923 relictus
410 864 471 932 est,
503 856 633 920 occisus
665 863 765 931 esset,
798 853 956 920 fuistisne
988 853 1030 918 ad
1062 876 1153 918 arma
1184 855 1291 918 ituri?

241 962 399 1026 fuistisne
423 983 482 1026 vos
506 960 549 1023 ad
579 959 728 1044 patrium
754 958 853 1022 illum
882 959 1030 1022 animum
1059 959 1292 1044 maiorumque

241 1067 403 1130 virtutem
420 1063 626 1128 excitaturi?
648 1061 806 1128 fuistisne
823 1061 1005 1147 aliquando
1028 1084 1098 1127 rem
1121 1063 1292 1147 publicani

190 1185 217 1232 io
239 1192 259 1233 a
281 1167 418 1233 funesto
449 1168 577 1231 latrone
605 1167 807 1251 repetituri?
830 1188 874 1230 an
906 1167 1007 1231 etiam
1039 1175 1112 1231 tum
1144 1169 1294 1252 quiesce·

241 1275 330 1350 retis,
364 1273 617 1347 cunctaremini‚
651 1271 822 1347 timeretis,
855 1292 931 1335 cum
964 1292 1034 1335 rem
1072 1271 1242 1356 publicam
1273 1294 1293 1337 a

241 1376 529 1441 facinerosissimis
566 1376 692 1439 sicariis
732 1381 767 1439 et
802 1396 822 1438 a
852 1375 958 1439 servis
995 1397 1067 1440 esse
1099 1397 1292 1460 oppressam

240 1488 342 1566 atque
376 1481 607 1544 conculcatam
638 1478 822 1543 videretis?
867 1478 975 1542 Cuius
1005 1479 1112 1565 igitur
1148 1489 1293 1545 mortem

241 1575 498 1659 ulcisceremini,
515 1582 685 1668 siquidem
702 1583 798 1647 liberi
814 1604 886 1648 esse
904 1591 939 1648 et
955 1582 1075 1648 habere
1091 1605 1161 1648 rern
1184 1585 1293 1669 publi-

189 1704 217 1752 15
239 1711 311 1755 cam
334 1689 536 1775 cogitaretis,
561 1687 602 1752 de
630 1689 702 1751 eius
727 1688 855 1751 virtute
883 1689 952 1753 vivi
978 1687 1063 1772 quid
1092 1709 1153 1753 vos
1184 1689 1291 1774 loqui,

242 1793 324 1879 quid
354 1793 489 1868 sentire,
522 1791 605 1876 quid
643 1792 802 1877 cogitare,
835 1790 918 1875 quid
947 1791 1096 1857 iudicare
1127 1801 1291 1877 oporteat,

189 1896 467 1965 nuntiandum
498 1896 653 1980 putatis?
712 1895 763 1959 At
800 1918 879 1960 vero
911 1897 974 1980 ipsi
1007 1896 1057 1960 illi
1094 1896 1291 1981 parricidae,

242 2023 385 2086 quorum
412 1999 603 2065 ecfrenatus
635 1998 729 2063 furor
760 2000 863 2063 alitur
894 2001 1085 2085 inpunitate
1116 2001 1290 2079 diuturna,

240 2106 323 2171 adeo
353 2107 421 2176 uim
453 2104 610 2169 facinoris
640 2103 695 2167 sui
726 2104 1000 2188 perhorruerunt,
1033 2112 1082 2181 ut,
1120 2106 1149 2169 si
1188 2108 1291 2190 paulo

188 2225 217 2271 20
239 2210 370 2296 longior
400 2209 513 2293 opinio
544 2205 781 2271 mortis'Sesti
812 2207 943 2285 fuisset,
971 2209 1160 2274 Gracchum
1191 2212 1291 2274 illum

241 2335 341 2378 suum
380 2311 602 2378 transferendi
640 2311 676 2373 in
713 2333 774 2376 nos
813 2313 961 2378 criminis
1000 2335 1101 2378 causa
1138 2314 1291 2380 occidere

240 2418 429 2504 cogitarint.
491 2415 604 2481 Sensit
634 2417 821 2481 rusticulus
852 2439 920 2482 non
958 2401 1134 2483 incautus
1159 2421 1291 2505 (neque

240 2523 329 2586 enim
353 2521 504 2585 homines
536 2540 682 2604 nequam
711 2527 821 2585 tacere
853 2525 1057 2607 potuerunt)
1086 2544 1186 2586 suurn
1218 2546 1292 2587 san-

240 2626 377 2711 guinem
409 2624 525 2709 quaeri
556 2622 599 2688 ad
629 2624 904 2711 restinguendam
937 2626 1101 2691 invidiam
1131 2625 1291 2692 facinoris

271 2889 336 2950 §Si
361 2887 443 2937 4-16.
461 2888 585 2944 crimen,
598 2901 627 2937 as
640 2888 669 2936 in
686 2887 751 2938 Sull.
777 2891 902 2953 together
922 2891 953 2941 of
975 2897 1029 2942 two
1047 2891 1175 2942 different
1197 2905 1292 2943 mean·

239 2965 284 3013 52.
302 2966 341 3014 29.
377 2976 452 3025 gens
471 2964 534 3012 ieta
557 2963 595 3020 0.,
615 2964 755 3028 including
777 2967 837 3030 ings
848 2970 878 3018 oi
894 2970 941 3018 the
952 2983 1027 3018 same
1038 2969 1102 3019 verb
1125 2969 1148 3018 is
1165 2970 1292 3032 unplees-

239 3041 357 3101 Clodius,
383 3040 425 3090 his
445 3041 555 3090 brother
572 3041 620 3090 the
636 3046 752 3104 praetor,
777 3048 833 3093 ant.

239 3117 292 3167 end
322 3118 394 3166 their
419 3117 561 3166 followers.
607 3116 754 3167 fuistisne
809 3120 873 3181 §82
891 3120 991 3170 19-22.
1008 3121 1080 3178 vim,
1100 3119 1215 3182 ‘effect’
1233 3120 1292 3172 ‘re-

238 3193 326 3242 ituri:
343 3195 387 3243 for
398 3194 559 3252 inissetisne
573 3207 617 3243 see
631 3207 667 3243 on
685 3194 751 3245 Sull.
776 3196 848 3247 sult'
885 3196 1074 3247 Gracchum:
1092 3211 1137 3247 see
1156 3211 1191 3246 on
1213 3199 1227 3260 §
1247 3197 1288 3251 72.

140 3302 143 3309 .
238 3269 285 3318 44.
303 3271 343 3319 24.
389 3269 602 3330 quiesceretis,
625 3274 753 3319 cuncta-
776 3276 815 3323 21.
850 3274 996 3323 occidere
1006 3274 1291 3335 cogitarintamere

239 3346 355 3402 remini,
373 3346 541 3394 timeretis:
559 3346 602 3394 ior
619 3347 699 3395 mood
715 3347 751 3397 cf.
776 3351 909 3400 verietion
921 3351 964 3401 for
975 3349 1209 3410 occisurifnertnt
1227 3352 1255 3399 in
1273 3365 1291 3401 a

240 3423 304 3482 §ia
320 3422 357 3470 14.
392 3422 754 3484 ulciscereminkapodcf
775 3427 929 3489 dependent
947 3427 1083 3489 apodosis:
1100 3441 1144 3476 see
1162 3441 1198 3475 on
1217 3427 1287 3488 562.

240 3499 379 3557 condition
392 3503 518 3561 contrary
529 3504 559 3548 to
570 3499 626 3548 fact
641 3500 669 3548 in
681 3513 754 3562 pres·
777 3504 814 3552 13.
858 3503 898 3564 By
918 3503 1016 3564 killing
1036 3503 1093 3550 him
1114 3502 1179 3565 they
1198 3502 1290 3564 hoped

239 3581 286 3622 ant
304 3575 377 3624 time.
422 3575 513 3626 liberi
532 3588 617 3623 esse:
634 3576 752 3625 forense
775 3584 803 3627 to
820 3579 901 3627 make
928 3579 975 3626 the
1002 3577 1105 3626 assault
1133 3590 1207 3639 upon
1230 3578 1291 3627 Ses-

238 3664 283 3700 see
299 3665 334 3700 ou
353 3652 418 3701 Sull.
433 3651 479 3700 68.
497 3655 534 3700 12.
569 3664 629 3700 vos
651 3652 751 3712 loqui:
775 3654 828 3701 tius
849 3653 911 3702 look
928 3653 984 3701 like
1003 3667 1020 3701 a
1043 3652 1148 3713 quarrel
1166 3653 1289 3701 between

239 3727 348 3776 forense
360 3729 411 3775 and
426 3728 504 3775 moed
515 3729 549 3775 ci.
562 3728 672 3788 Eplx.
684 3729 749 3776 in.
774 3729 820 3776 the
854 3735 908 3778 two
934 3729 1062 3776 tribunes.
1108 3727 1290 3784 rusticulus,

239 3803 391 3874 cogitare:
404 3805 451 3860 the
462 3817 621 3861 occurrence
632 3817 663 3861 eo
680 3803 751 3860 close
774 3802 1011 3873 contemptuously
1040 3801 1154 3873 spoken,
1181 3801 1291 3874 though
