2678 4260
206 272 269 338 610
466 285 539 334 rao
562 285 593 334 r.
618 283 739 334 Annio
762 283 907 334 nrnoun
931 283 1078 335 omno,

205 463 245 525 92
300 475 431 520 xxxiv.
464 455 529 520 Sed
546 457 610 519 iam
626 457 707 520 satis
732 457 839 519 multa
855 455 895 520 de
921 478 1030 533 eausa,
1047 463 1144 522 extra
1172 479 1302 523 oausam

257 564 357 627 etiam
374 562 472 625 nimis
496 559 637 624 fortasse
655 561 772 624 multa.
820 560 912 640 Quid
936 567 1049 637 restat,
1067 561 1132 626 nisi
1153 568 1195 626 ut
1216 585 1301 627 orem

257 666 472 750 obtesterque
488 687 558 740 vos
575 664 711 741 iudices
729 672 769 728 ut
784 687 856 729 eam
871 665 1132 730 misericordiam
1148 666 1300 732 tribuatis

257 770 438 834 fortissimo
469 770 551 845 viro,
580 790 681 853 quam
712 770 781 853 ipse
819 791 886 832 non
917 771 1082 854 implorat,
1115 792 1179 857 ego
1204 772 1301 836 etiam

217 893 232 937 s
254 881 462 961 repugnante
486 874 549 937 hoo
573 880 608 937 et
629 873 769 957 imploro
793 881 828 937 et
851 874 1020 958 exposco?
1067 857 1193 950 Nolite,
1217 876 1299 938 siin

256 987 370 1042 nostro
414 979 564 1042 omnium
610 975 694 1041 fietu
742 977 870 1040 nullam
917 978 1086 1041 lacrimam
1124 979 1299 1062 aspexistis

257 1084 405 1158 Milonis,
432 1085 458 1146 si
485 1083 619 1146 vultum
642 1103 773 1166 semper
799 1081 953 1159 eundem,
978 1084 1007 1146 si
1029 1103 1157 1159 vooem,
1185 1084 1214 1147 si
1237 1105 1301 1146 ora-

256 1189 383 1251 tionem
405 1186 559 1251 stabilem
589 1207 627 1249 ao
659 1207 724 1249 non
754 1193 915 1250 mutatam
941 1186 1073 1263 videtis
1098 1186 1161 1251 hoo
1193 1188 1299 1251 minus

256 1293 286 1355 ei
317 1313 469 1376 parcere3
492 1289 583 1353 haud
606 1291 675 1354 seio
699 1311 741 1354 an
767 1291 874 1353 multo
898 1292 943 1354 sit
966 1292 1066 1355 etiam
1090 1290 1299 1356 adiuvandus

205 1410 234 1456 10
256 1396 372 1482 magis.
419 1395 564 1470 Etenim,
589 1395 616 1458 si
641 1394 675 1456 in
698 1392 907 1480 gladiatoriis
932 1396 1054 1480 pugnis
1078 1401 1113 1458 et
1136 1396 1171 1458 in
1196 1396 1297 1458 infimi

256 1500 387 1584 generis
418 1499 593 1561 hominum
625 1498 819 1562 condicione
851 1505 953 1583 atque
992 1497 1128 1562 fortuna
1168 1499 1298 1563 timidos

256 1611 357 1687 atque
382 1602 550 1686 supplices
575 1609 618 1678 et,
644 1609 683 1665 ut
706 1603 820 1667 vivere
840 1603 949 1679 liceat,
973 1601 1178 1666 obsecrantis
1202 1604 1297 1668 etiam

257 1707 365 1770 odisse
404 1707 560 1781 solemus,
592 1704 689 1769 fortis
720 1713 821 1790 atque
854 1707 1019 1770 animosos
1051 1713 1085 1770 et
1114 1728 1149 1772 se
1182 1707 1298 1771 aeriter

169 1794 171 1798 ¹
257 1813 346 1895 ipsos
370 1811 469 1873 morti
493 1805 670 1874 offerentes
692 1831 823 1874 servare
847 1811 1010 1894 cupimus
1035 1832 1218 1895 eorumque
1242 1833 1297 1876 nos

204 1930 231 1975 15
254 1915 358 2000 magis
391 1915 533 1989 miseret,
558 1915 617 1998 qui
641 1921 789 1978 nostram
817 1914 1075 1979 misericordiam
1103 1937 1171 1978 non
1196 1917 1298 2000 requi·

254 2026 344 2093 runt,
363 2039 462 2102 quam
488 2019 546 2102 qui
570 2019 663 2080 illam
687 2017 881 2104 efflagitant,
900 2027 1028 2104 quanto
1051 2021 1113 2084 hoo
1137 2023 1244 2107 magis
1266 2021 1296 2083 in

202 2126 242 2187 93
255 2121 444 2185 fortissimis
462 2122 591 2186 civibus
603 2121 711 2186 faeere
728 2121 903 2187 debemus!
926 2125 981 2188 Me
999 2123 1146 2208 quidem,
1164 2124 1296 2198 iudices,

255 2228 449 2291 exanimant
465 2234 500 2290 et
523 2227 723 2291 interimunt
737 2227 798 2291 hae
815 2250 912 2292 voees
931 2228 1077 2304 Milonis,
1094 2251 1178 2313 quas
1202 2228 1296 2292 audio

253 2331 386 2395 assidue
411 2338 445 2395 et
461 2331 583 2415 quibus
608 2331 771 2395 intersum
795 2331 927 2396 ootidie.
976 2332 1161 2408 ‘Valeant'
1179 2334 1295 2417 inquit,

200 2451 230 2498 20
256 2436 409 2499 ‘valeant
432 2436 522 2499 cives
546 2435 611 2498 mei
624 2457 631 2512 ;
655 2436 724 2500 sint
739 2436 934 2512 incolumes
951 2437 1020 2500 sint
1042 2434 1209 2512 florentes,
1234 2438 1297 2501 sint

254 2540 362 2614 beati3
395 2546 464 2602 stet
488 2540 567 2602 haee
592 2539 671 2603 urbs
694 2540 862 2623 praeclara
886 2540 1034 2625 mihique
1066 2541 1176 2624 patria
1206 2541 1297 2605 earis-

254 2646 346 2719 31111,
372 2665 508 2728 quoquo
532 2643 630 2707 modo
656 2645 721 2708 erit
747 2645 866 2708 merita
892 2644 933 2709 de
961 2666 1033 2720 me3
1059 2646 1243 2729 tranquilla
1264 2666 1295 2709 re

255 2828 321 2872 eto:
343 2820 378 2870 cf.
403 2821 452 2888 Ep.
475 2820 538 2871 XV.
561 2821 586 2868 1.
608 2822 636 2883 93
659 2821 697 2870 II.
719 2821 764 2870 22.
788 2823 876 2872 virtue
888 2824 932 2872 ior
943 2823 979 2872 its
991 2837 1052 2873 own
1070 2824 1135 2873 sake
1153 2823 1176 2872 is
1194 2837 1254 2874 sure
1269 2820 1296 2872 oi

251 2900 291 2947 22.
787 2900 909 2962 undying
923 2900 994 2949 fame
1008 2899 1048 2962 (§§
1061 2898 1161 2963 96-98).

284 2973 605 3034 Psuormr10‚§92-105.
636 2987 661 3023 α.
674 2974 765 3024 Milo’s

254 3050 375 3111 Courage
394 3050 446 3098 and
467 3051 643 3113 Resignation
657 3049 699 3112 (§§
718 3052 766 3100 92-
819 3053 885 3114 §92-
903 3052 984 3101 1-15.
1006 3052 1045 3102 de
1059 3065 1161 3112 cauea,
1174 3053 1293 3116 §wa-ii.

251 3124 303 3188 118).
356 3126 378 3174 b.
414 3125 520 3188 Appeal
549 3131 578 3175 1ο
612 3127 659 3176 the
695 3127 764 3190 Jury
788 3132 1019 3186 extraeaueam
1029 3130 1058 3192 §i
1068 3128 1156 3180 72-91.
1193 3130 1295 3180 Nolito

252 3200 405 3264 (199-105).
787 3241 793 3253 .
810 3240 816 3252 .
834 3240 839 3254 .
857 3217 985 3266 parcere
999 3204 1077 3268 (1.9):
1093 3206 1138 3255 for
1149 3206 1197 3256 the
1214 3206 1296 3256 clause

285 3277 335 3340 (a.)
355 3277 445 3327 Milo's
462 3293 576 3340 cour-age
596 3279 624 3327 111
645 3279 765 3330 111111111-
787 3282 821 3331 oi.
842 3283 892 3344 Ep.
914 3283 978 3331 XX.
1000 3282 1026 3330 1.
1048 3283 1070 3332 1.
1116 3282 1203 3334 What
1225 3284 1296 3332 other

250 3354 373 3404 fortunes
396 3354 518 3404 deserves
535 3356 583 3404 the
600 3355 694 3406 fullest
710 3370 766 3405 rec·
787 3372 859 3420 ways
870 3359 900 3408 of
912 3358 1070 3422 expressiug
1081 3358 1129 3409 the
1141 3373 1216 3409 same
1228 3357 1296 3409 ides?

252 3431 374 3493 ognition
388 3429 411 3491 (ξ
424 3431 477 3490 921.
514 3431 590 3482 With
603 3433 650 3481 the
662 3437 765 3482 utmosi
788 3433 830 3484 Oi.
844 3434 907 3495 560.
919 3435 963 3497 33;
976 3435 1043 3485 Sull.
1058 3434 1103 3483 25.
1116 3437 1156 3485 22.
1193 3438 1295 3486 nostro

250 3507 417 3568 resignation
429 3507 463 3555 he
476 3507 535 3557 bids
551 3507 668 3557 fareweli
682 3514 710 3557 1ο
723 3509 764 3558 his
788 3510 939 3560 omnium:
965 3511 999 3561 oi.
1022 3512 1044 3562 Ι.
1067 3511 1154 3574 212,
1179 3513 1233 3562 and
1256 3524 1295 3561 ex-

250 3583 406 3644 ungrateiul
424 3582 639 3633 follow-citizens
658 3583 698 3646 (§§
721 3585 761 3645 93,
787 3586 861 3648 plain
874 3588 921 3636 the
929 3588 1122 3639 construction.
1159 3589 1202 3637 ei:
1221 3585 1295 3638 ease?

250 3659 302 3722 114),
329 3659 407 3708 while
430 3660 465 3709 he
495 3661 625 3709 comforts
655 3661 765 3710 himself
787 3661 871 3710 haud
890 3664 958 3712 ecio
980 3677 1036 3714 an:
1061 3664 1096 3714 ci.
1120 3665 1190 3715 Sest.
1213 3665 1257 3713 58.
1273 3662 1292 3709 3.

251 3736 317 3785 with
336 3737 383 3786 the
404 3737 521 3799 thought
541 3737 570 3787 of
587 3738 629 3786 his
650 3739 765 3787 services
788 3750 957 3801 eorumque
986 3753 1045 3790 nos
1078 3740 1224 3792 miseret:
1259 3739 1295 3789 ior

250 3815 281 3864 to
293 3813 339 3864 the
350 3817 420 3864 stete
431 3811 456 3876 (ξ
466 3811 517 3878 95).
553 3812 624 3864 Who
635 3814 765 3878 praetises
788 3828 863 3870 cases
874 3816 909 3872 cf.
922 3817 991 3874 sest.
1006 3816 1052 3873 60.
1065 3818 1109 3881 19;
1128 3816 1179 3872 IV.
1192 3817 1270 3869 2118.
