2678 4260
170 272 233 340 ato
513 285 585 338 rao
608 286 638 337 r.
663 284 785 338 suum
808 281 956 336 oacrio.

222 458 348 543 obrem
373 458 452 524 haec
477 459 633 542 cuiquam
651 459 720 522 vita
737 455 916 521 videatur?
960 472 1082 519 xxxn.
1106 453 1226 543 Nuper
1240 455 1268 520 is

222 564 320 628 homo
351 563 418 627 fuit
448 564 482 626 iu
511 563 646 627 civitate
672 562 709 624 P.
734 561 838 637 Sulla,
862 569 901 626 ut
924 583 1022 626 nemo
1045 561 1076 626 ei
1099 580 1134 625 se
1157 580 1268 645 neque

223 667 345 733 honore
371 688 480 751 neque
505 667 612 752 gratia
640 687 748 750 neque
780 665 925 730 fortunis
956 663 1148 741 anteferret,
1176 685 1268 729 nunc

223 773 386 859 spoliatus
402 773 493 836 omni
509 771 683 858 dignitate,
702 792 786 856 quae
804 780 917 855 erepta
932 777 1023 847 sunt,
1040 791 1108 834 non
1124 771 1267 855 repetit;

183 895 198 939 o
221 875 312 962 quod
327 876 462 941 fortuna
478 877 512 939 in
529 875 624 939 malis
640 875 760 959 reliqui
777 875 867 951 fecit,
881 882 920 939 ut
935 896 1012 940 cum
1028 882 1174 959 parente,
1192 895 1269 938 cum

223 981 343 1057 liberis,
375 1003 451 1046 curn
482 981 595 1056 fratre,
627 980 781 1045 cumbis
812 979 1007 1044 necessariis
1033 980 1150 1064 lugere
1173 999 1268 1043 suam

223 1086 445 1150 calamitatem
476 1086 586 1160 liceat,
618 1083 653 1146 id
684 1084 748 1148 sibi
779 1105 819 1149 ne
851 1085 1009 1168 eripiatis,
1036 1105 1103 1160 voa,
1128 1082 1267 1160 iudices,

170 1190 417 1258 900btestatur.
467 1189 515 1253 Te
540 1190 649 1273 ipsum
672 1190 748 1265 iam,
767 1189 948 1273 Torquate,
971 1189 1145 1273 expletum
1168 1187 1268 1253 huius

224 1295 364 1359 miseriis
396 1314 468 1358 esse
499 1315 559 1378 par
590 1301 670 1366 erat,
702 1300 746 1369 et,
770 1293 798 1357 si
829 1293 914 1356 nihil
944 1292 1038 1357 aliud
1064 1290 1180 1357 Sullae
1202 1293 1268 1357 nisi

172 1415 201 1461 10
222 1399 434 1463 consulatum
457 1398 689 1469 abstulissetis,
714 1405 826 1461 tamen
850 1419 888 1461 eo
912 1405 1087 1463 contentos
1111 1419 1171 1462 vos
1195 1419 1267 1463 esse

224 1502 416 1587 oportebat3
440 1502 574 1565 honoris
598 1502 688 1566 enim
711 1501 882 1565 contentio
900 1522 959 1565 vos
975 1500 1018 1564 ad
1039 1522 1184 1576 causam,
1200 1523 1268 1565 uon

224 1607 417 1670 inimicitiae
449 1604 675 1670 deduxerunt.
737 1603 802 1669 Sed
833 1627 909 1668 cum
940 1605 1019 1670 huic
1049 1606 1161 1669 omnia
1191 1626 1267 1671 cum

225 1710 348 1775 honore
379 1709 529 1774 detracta
556 1711 633 1786 siut,
666 1731 742 1774 cum
772 1711 807 1771 in
831 1709 892 1773 hac
923 1710 1063 1774 fortuna
1085 1709 1269 1775 miserrima

226 1838 263 1881 ac
279 1816 527 1880 luctuosissima
551 1814 735 1879 destitutus
759 1815 812 1889 sit,
830 1813 913 1897 quid
936 1821 996 1892 est,
1014 1813 1106 1900 quod
1128 1823 1266 1900 expetas

174 1922 390 2007 inamplius?
436 1920 580 1984 Lucisne
612 1919 697 1984 hanc
730 1939 865 1982 usuram
896 1920 1023 2004 eripere
1055 1919 1106 1984 vis
1133 1919 1267 2004 plenam

223 2031 433 2094 lacrimarum
456 2034 558 2112 atque
582 2027 749 2101 maeroris,
773 2028 808 2089 in
834 2049 901 2112 qua
926 2048 1003 2091 cum
1030 2025 1175 2089 maximo
1198 2046 1269 2089 cru·

223 2135 313 2198 ciatu
329 2155 366 2197 ac
383 2132 495 2196 dolore
509 2131 698 2196 retinetur?
746 2130 904 2196 Libenter
919 2129 1102 2196 reddiderit
1113 2130 1268 2216 adempta

224 2238 407 2325 ignominia
430 2232 612 2301 foedissimi
637 2236 793 2300 criminis.
850 2236 907 2299 An
930 2258 1009 2301 vero
1032 2237 1206 2300 inimicum
1229 2242 1268 2299 ut

223 2342 398 2428 expellas?
436 2343 531 2406 cuius
562 2363 603 2404 ex
642 2341 792 2415 miseriis,
824 2341 852 2403 si
885 2362 972 2405 esses
1006 2340 1265 2415 crudelissimus,

171 2451 208 2514 91
222 2446 367 2513 videndo
383 2446 532 2510 fructum
549 2466 682 2529 caperes
707 2444 863 2508 maiorem
887 2442 987 2528 quam
1011 2443 1189 2509 audiendo.
1236 2443 1265 2508 O

248 2651 298 2713 48.
320 2663 405 2720 haec,
423 2663 465 2712 ior
482 2663 531 2712 hoc
556 2663 687 2711 attracted
704 2667 731 2710 to
753 2663 792 2712 28.
828 2675 900 2711 eum
911 2661 1037 2719 honore,
1050 2661 1191 2725 ‘together
1202 2661 1266 2711 with

221 2742 296 2792 vito:
324 2754 425 2789 aeeon
450 2739 486 2787 ΙΙ.
510 2737 554 2786 23.
578 2739 616 2787 31.
658 2738 731 2794 vita,
754 2739 906 2800 theoffice,’
924 2763 949 2787 :
964 2743 989 2789 et
1005 2739 1097 2788 honor.
1133 2737 1266 2787 Lucisne

222 2817 292 2866 ‘real
315 2816 389 2866 lifez’
409 2816 444 2865 cf.
468 2815 484 2839 “
494 2816 519 2863 lt
540 2816 561 2864 ts
581 2819 629 2864 not
650 2815 684 2863 all
704 2815 732 2863 of
753 2815 833 2864 hane
853 2828 984 2873 usuram,
1006 2815 1049 2864 lor
1067 2814 1171 2865 lucisne
1187 2815 1267 2864 baius

221 2893 269 2943 life
286 2899 315 2944 to
332 2893 393 2951 live,
418 2893 475 2942 Nor
495 2891 529 2939 all
553 2892 582 2940 of
603 2891 684 2940 death
704 2898 732 2940 to
754 2893 1046 2954 a.,bytlreattraction
1057 2891 1266 2941 noticedonboc

220 2970 293 3030 die,”
307 2970 361 3019 and
373 2958 424 3019 see
435 2968 538 3018 similar
555 2969 628 3017 force
645 2969 674 3017 ci
691 2970 732 3018 vir
754 2984 873 3035 intincto,
893 2969 958 3031 577.
978 2969 1001 3018 4.
1036 2982 1160 3029 asarum,
1180 2967 1267 3031 ‘right

221 3047 250 3097 ln
263 3047 315 3096 111.
329 3046 374 3095 12.
389 3047 428 3095 41.
754 3052 782 3094 to
794 3046 894 3108 enjoy,'
908 3060 938 3095 as
951 3047 978 3094 in
991 3047 1012 3095 Ι.
1027 3045 1072 3094 29.
1084 3046 1108 3094 4.

786 3123 887 3172 17-19.
905 3122 1085 3180 reddiderit,
1112 3121 1183 3172 ‘will
1211 3134 1266 3172 sur-

252 3199 313 3248 2-6.
329 3212 364 3248 se
383 3198 557 3255 anteferret,
579 3199 659 3248 ‘took
676 3213 733 3261 pre·
754 3200 851 3250 render
868 3201 889 3249 it
906 3205 934 3249 at
952 3199 1046 3250 once:’
1071 3200 1115 3249 for
1132 3205 1208 3249 tense
1230 3198 1263 3248 ci.

221 3276 355 3328 cedence.’
390 3279 526 3337 parente,
549 3276 591 3324 his
615 3276 730 3325 mother.
755 3275 826 3335 528.
848 3275 888 3334 28,
910 3275 962 3324 and
984 3289 1028 3324 see
1048 3288 1083 3322 011
1104 3273 1154 3323 IV.
1175 3273 1221 3322 11„
1242 3272 1264 3321 1.

221 3351 336 3409 liberie,
349 3353 395 3401 the
407 3366 455 3402 son
474 3351 629 3401 mentioned
648 3353 733 3401 above
754 3352 871 3414 Express
882 3352 929 3401 the
940 3352 1056 3414 protasis
1067 3351 1095 3399 in
1107 3351 1157 3400 asi
1168 3348 1264 3400 clause.

222 3428 595 3491 andastepsonMcmmiaa.
630 3427 732 3485 fratre,
754 3431 790 3476 ut
811 3428 953 3489 expellas
978 3428 1097 3490 depende
1120 3441 1195 3488 upon
1217 3427 1264 3486 via,

223 3506 236 3570 ξ
249 3509 289 3560 63,
755 3518 784 3552 as
795 3504 860 3554 does
872 3504 927 3553 also
939 3505 987 3552 the
1006 3504 1139 3553 infinitiva
1152 3505 1264 3565 eripere,

241 3584 315 3645 ¹590.
334 3582 435 3631 10-15.
452 3595 518 3638 vos,
526 3582 571 3630 the
579 3587 734 3644 prosecutor
754 3581 771 3630 l.
793 3583 830 3631 15.
866 3582 938 3632 Such
955 3581 1052 3630 double
1069 3581 1266 3630 constructioni

222 3660 275 3708 and
285 3660 328 3708 bis
337 3659 434 3707 father.
469 3657 733 3707 honoriseonten-
755 3673 800 3708 are
817 3659 904 3709 found
922 3660 949 3707 in
968 3659 1003 3708 all
1021 3659 1143 3708 writers:
1159 3659 1195 3707 ci.
1209 3657 1267 3719 qut·

222 3735 276 3792 tio,
290 3736 422 3798 ‘struggle
440 3736 482 3784 ior
499 3734 594 3794 office,’
615 3735 667 3784 ie..
689 3736 733 3782 the
756 3736 812 3796 bria,
825 3736 862 3785 ll.
876 3736 969 3785 2512.
1007 3736 1096 3784 ouius
1109 3759 1134 3783 =
1150 3737 1179 3784 ot
1191 3736 1266 3787 eiua:

223 3812 419 3883 consulshipof
436 3813 527 3878 655s0
544 3812 572 3868 ln
590 3811 617 3869 ll.
633 3812 663 3870 13
680 3812 732 3869 and
756 3810 1066 3885 seconinquo§21,3,
