<?xml version="1.0" encoding="UTF-8"?>
<!DOCTYPE html PUBLIC "-//W3C//DTD XHTML 1.0 Transitional//EN"
    "http://www.w3.org/TR/xhtml1/DTD/xhtml1-transitional.dtd">
<html xmlns="http://www.w3.org/1999/xhtml" xml:lang="en" lang="en">
 <head>
  <title>
</title>
<meta http-equiv="Content-Type" content="text/html;charset=utf-8" />
  <meta name='ocr-system' content='tesseract 3.04.00' />
  <meta name='ocr-capabilities' content='ocr_page ocr_carea ocr_par ocr_line ocrx_word'/>
</head>
<body>
  <div class='ocr_page' id='page_1' title='image "./selectedoration00cicegoog_0141.png"; bbox 0 0 2678 4260; ppageno 0'>
   <div class='ocr_carea' id='block_1_1' title="bbox 140 237 1034 324">
    <p class='ocr_par' dir='ltr' id='par_1_1' title="bbox 140 237 1034 324">
     <span class='ocr_line' id='line_1_1' title="bbox 140 237 1034 324; baseline -0.002 -18"><span class='ocrx_word' id='word_1_1' title='bbox 140 237 203 306; x_wconf 82' lang='lat'>140</span> <span class='ocrx_word' id='word_1_2' title='bbox 375 250 530 324; x_wconf 30' lang='lat' dir='ltr'>,enarro</span> <span class='ocrx_word' id='word_1_3' title='bbox 553 250 594 306; x_wconf 84' lang='lat' dir='ltr'>ru</span> <span class='ocrx_word' id='word_1_4' title='bbox 617 249 830 305; x_wconf 76' lang='lat' dir='ltr'>CATILINAM</span> <span class='ocrx_word' id='word_1_5' title='bbox 853 249 1034 305; x_wconf 76' lang='lat' dir='ltr'>sscnunu.</span> 
     </span>
    </p>
   </div>
   <div class='ocr_carea' id='block_1_2' title="bbox 95 424 1260 3869">
    <p class='ocr_par' dir='ltr' id='par_1_2' title="bbox 95 424 1260 3869">
     <span class='ocr_line' id='line_1_2' title="bbox 186 424 1236 489; baseline -0.003 -12"><span class='ocrx_word' id='word_1_6' title='bbox 186 429 355 479; x_wconf 83' lang='lat' dir='ltr'>Umbrenum</span> <span class='ocrx_word' id='word_1_7' title='bbox 368 443 452 489; x_wconf 84' lang='lat' dir='ltr'>orare,</span> <span class='ocrx_word' id='word_1_8' title='bbox 467 434 497 476; x_wconf 94' lang='lat' dir='ltr'>ut</span> <span class='ocrx_word' id='word_1_9' title='bbox 509 428 550 477; x_wconf 91' lang='lat' dir='ltr'>sui</span> <span class='ocrx_word' id='word_1_10' title='bbox 562 429 700 476; x_wconf 88' lang='lat' dir='ltr'>miserere·</span> <span class='ocrx_word' id='word_1_11' title='bbox 721 426 809 476; x_wconf 89' lang='lat' dir='ltr'>Ceteri</span> <span class='ocrx_word' id='word_1_12' title='bbox 822 427 890 475; x_wconf 87' lang='lat' dir='ltr'>nihil</span> <span class='ocrx_word' id='word_1_13' title='bbox 903 427 1070 489; x_wconf 88' lang='lat' dir='ltr'>suspicantes</span> <span class='ocrx_word' id='word_1_14' title='bbox 1085 427 1161 485; x_wconf 90' lang='lat' dir='ltr'>dant,</span> <span class='ocrx_word' id='word_1_15' title='bbox 1171 424 1236 475; x_wconf 87' lang='lat' dir='ltr'>Cas-</span> 
     </span>
     <span class='ocr_line' id='line_1_3' title="bbox 184 501 1236 568; baseline -0.004 -14"><span class='ocrx_word' id='word_1_16' title='bbox 184 511 241 554; x_wconf 89' lang='lat' dir='ltr'>tur:</span> <span class='ocrx_word' id='word_1_17' title='bbox 259 505 327 554; x_wconf 86' lang='lat' dir='ltr'>nihil</span> <span class='ocrx_word' id='word_1_18' title='bbox 340 512 396 553; x_wconf 91' lang='lat' dir='ltr'>tam</span> <span class='ocrx_word' id='word_1_19' title='bbox 407 519 533 566; x_wconf 90' lang='lat' dir='ltr'>asperum</span> <span class='ocrx_word' id='word_1_20' title='bbox 546 520 631 568; x_wconf 85' lang='lat' dir='ltr'>neque</span> <span class='ocrx_word' id='word_1_21' title='bbox 643 512 698 555; x_wconf 86' lang='lat' dir='ltr'>tarn</span> <span class='ocrx_word' id='word_1_22' title='bbox 721 506 776 554; x_wconf 85' lang='lat' dir='ltr'>sius</span> <span class='ocrx_word' id='word_1_23' title='bbox 787 509 872 553; x_wconf 91' lang='lat' dir='ltr'>semet</span> <span class='ocrx_word' id='word_1_24' title='bbox 884 519 916 554; x_wconf 90' lang='lat' dir='ltr'>eo</span> <span class='ocrx_word' id='word_1_25' title='bbox 931 503 1004 553; x_wconf 88' lang='lat' dir='ltr'>brevi</span> <span class='ocrx_word' id='word_1_26' title='bbox 1018 511 1162 551; x_wconf 90' lang='lat' dir='ltr'>venturum</span> <span class='ocrx_word' id='word_1_27' title='bbox 1179 501 1236 564; x_wconf 90' lang='lat' dir='ltr'>pol·</span> 
     </span>
     <span class='ocr_line' id='line_1_4' title="bbox 185 577 1235 643; baseline -0.005 -12"><span class='ocrx_word' id='word_1_28' title='bbox 185 581 292 631; x_wconf 84' lang='lat' dir='ltr'>difficile</span> <span class='ocrx_word' id='word_1_29' title='bbox 314 596 381 643; x_wconf 89' lang='lat' dir='ltr'>esse,</span> <span class='ocrx_word' id='word_1_30' title='bbox 406 581 477 643; x_wconf 87' lang='lat' dir='ltr'>quod</span> <span class='ocrx_word' id='word_1_31' title='bbox 500 596 555 630; x_wconf 95' lang='lat' dir='ltr'>non</span> <span class='ocrx_word' id='word_1_32' title='bbox 584 582 699 643; x_wconf 87' lang='lat' dir='ltr'>cupidis·</span> <span class='ocrx_word' id='word_1_33' title='bbox 721 581 816 629; x_wconf 76' lang='lat' dir='ltr'>licetur</span> <span class='ocrx_word' id='word_1_34' title='bbox 838 595 869 628; x_wconf 91' lang='lat' dir='ltr'>ac</span> <span class='ocrx_word' id='word_1_35' title='bbox 892 579 973 642; x_wconf 91' lang='lat' dir='ltr'>paulo</span> <span class='ocrx_word' id='word_1_36' title='bbox 996 586 1059 628; x_wconf 90' lang='lat' dir='ltr'>ante</span> <span class='ocrx_word' id='word_1_37' title='bbox 1082 577 1184 641; x_wconf 86' lang='lat' dir='ltr'>legatos</span> <span class='ocrx_word' id='word_1_38' title='bbox 1202 592 1235 627; x_wconf 90' lang='lat' dir='ltr'>ex</span> 
     </span>
     <span class='ocr_line' id='line_1_5' title="bbox 185 654 1235 719; baseline -0.003 -13"><span class='ocrx_word' id='word_1_39' title='bbox 185 673 260 707; x_wconf 84' lang='lat' dir='ltr'>suine</span> <span class='ocrx_word' id='word_1_40' title='bbox 283 658 380 707; x_wconf 85' lang='lat' dir='ltr'>facturi</span> <span class='ocrx_word' id='word_1_41' title='bbox 403 664 501 718; x_wconf 83' lang='lat' dir='ltr'>essent,</span> <span class='ocrx_word' id='word_1_42' title='bbox 521 659 585 707; x_wconf 90' lang='lat' dir='ltr'>dum</span> <span class='ocrx_word' id='word_1_43' title='bbox 606 673 637 706; x_wconf 90' lang='lat' dir='ltr'>ea</span> <span class='ocrx_word' id='word_1_44' title='bbox 658 673 698 706; x_wconf 87' lang='lat' dir='ltr'>res</span> <span class='ocrx_word' id='word_1_45' title='bbox 722 658 785 706; x_wconf 88' lang='lat' dir='ltr'>urhe</span> <span class='ocrx_word' id='word_1_46' title='bbox 803 656 987 719; x_wconf 83' lang='lat' dir='ltr'>proficiscitur.</span> <span class='ocrx_word' id='word_1_47' title='bbox 1023 654 1156 704; x_wconf 80' lang='lat' dir='ltr'>Lentulus</span> <span class='ocrx_word' id='word_1_48' title='bbox 1173 668 1235 703; x_wconf 90' lang='lat' dir='ltr'>cum</span> 
     </span>
     <span class='ocr_line' id='line_1_6' title="bbox 185 731 1236 794; baseline -0.003 -10"><span class='ocrx_word' id='word_1_49' title='bbox 185 734 323 784; x_wconf 85' lang='lat' dir='ltr'>civitatem</span> <span class='ocrx_word' id='word_1_50' title='bbox 350 749 411 783; x_wconf 90' lang='lat' dir='ltr'>aere</span> <span class='ocrx_word' id='word_1_51' title='bbox 442 734 531 784; x_wconf 85' lang='lat' dir='ltr'>alieno</span> <span class='ocrx_word' id='word_1_52' title='bbox 563 734 696 783; x_wconf 88' lang='lat' dir='ltr'>liberaret.</span> <span class='ocrx_word' id='word_1_53' title='bbox 720 734 760 783; x_wconf 88' lang='lat' dir='ltr'>eis</span> <span class='ocrx_word' id='word_1_54' title='bbox 777 734 807 782; x_wconf 89' lang='grc' dir='ltr'>Τ.</span> <span class='ocrx_word' id='word_1_55' title='bbox 827 732 1000 782; x_wconf 85' lang='lat' dir='ltr'>Volturcium</span> <span class='ocrx_word' id='word_1_56' title='bbox 1017 731 1154 794; x_wconf 88' lang='lat' dir='ltr'>quendam</span> <span class='ocrx_word' id='word_1_57' title='bbox 1171 731 1236 781; x_wconf 86' lang='lat' dir='ltr'>Cro·</span> 
     </span>
     <span class='ocr_line' id='line_1_7' title="bbox 155 807 1235 873; baseline -0.003 -13"><span class='ocrx_word' id='word_1_58' title='bbox 155 817 169 860; x_wconf 79' lang='lat'><strong>5</strong></span> <span class='ocrx_word' id='word_1_59' title='bbox 185 811 235 860; x_wconf 91' lang='lat' dir='ltr'>Ille</span> <span class='ocrx_word' id='word_1_60' title='bbox 252 826 297 860; x_wconf 89' lang='lat' dir='ltr'>cos</span> <span class='ocrx_word' id='word_1_61' title='bbox 315 813 343 860; x_wconf 93' lang='lat' dir='ltr'>in</span> <span class='ocrx_word' id='word_1_62' title='bbox 361 811 472 860; x_wconf 91' lang='lat' dir='ltr'>domurn</span> <span class='ocrx_word' id='word_1_63' title='bbox 490 811 523 860; x_wconf 91' lang='lat' dir='ltr'>D.</span> <span class='ocrx_word' id='word_1_64' title='bbox 544 811 622 860; x_wconf 84' lang='lat' dir='ltr'>Bruti</span> <span class='ocrx_word' id='word_1_65' title='bbox 641 825 699 873; x_wconf 90' lang='lat' dir='ltr'>per-</span> <span class='ocrx_word' id='word_1_66' title='bbox 721 811 872 859; x_wconf 88' lang='lat' dir='ltr'>toniensem</span> <span class='ocrx_word' id='word_1_67' title='bbox 895 809 989 869; x_wconf 91' lang='lat' dir='ltr'>mittit,</span> <span class='ocrx_word' id='word_1_68' title='bbox 1013 815 1042 857; x_wconf 92' lang='lat' dir='ltr'>ut</span> <span class='ocrx_word' id='word_1_69' title='bbox 1066 807 1235 871; x_wconf 80' lang='lat' dir='ltr'>Allobroges,</span> 
     </span>
     <span class='ocr_line' id='line_1_8' title="bbox 184 886 1235 951; baseline -0.003 -14"><span class='ocrx_word' id='word_1_70' title='bbox 184 887 268 948; x_wconf 88' lang='lat' dir='ltr'>ducit,</span> <span class='ocrx_word' id='word_1_71' title='bbox 288 888 359 951; x_wconf 87' lang='lat' dir='ltr'>quod</span> <span class='ocrx_word' id='word_1_72' title='bbox 383 889 443 938; x_wconf 86' lang='lat' dir='ltr'>ioro</span> <span class='ocrx_word' id='word_1_73' title='bbox 466 888 618 950; x_wconf 89' lang='lat' dir='ltr'>propinqua</span> <span class='ocrx_word' id='word_1_74' title='bbox 641 896 698 936; x_wconf 89' lang='lat' dir='ltr'>erat</span> <span class='ocrx_word' id='word_1_75' title='bbox 721 887 795 947; x_wconf 89' lang='lat' dir='ltr'>prius</span> <span class='ocrx_word' id='word_1_76' title='bbox 803 899 884 948; x_wconf 86' lang='lat' dir='ltr'>quam</span> <span class='ocrx_word' id='word_1_77' title='bbox 892 886 1002 935; x_wconf 87' lang='lat' dir='ltr'>domurn</span> <span class='ocrx_word' id='word_1_78' title='bbox 1013 890 1163 947; x_wconf 84' lang='lat' dir='ltr'>pergerent,</span> <span class='ocrx_word' id='word_1_79' title='bbox 1173 898 1235 934; x_wconf 87' lang='lat' dir='ltr'>cum</span> 
     </span>
     <span class='ocr_line' id='line_1_9' title="bbox 184 961 1235 1027; baseline 0 -15"><span class='ocrx_word' id='word_1_80' title='bbox 184 978 271 1027; x_wconf 90' lang='lat' dir='ltr'>neque</span> <span class='ocrx_word' id='word_1_81' title='bbox 286 965 375 1013; x_wconf 89' lang='lat' dir='ltr'>aliena</span> <span class='ocrx_word' id='word_1_82' title='bbox 392 964 488 1014; x_wconf 88' lang='lat' dir='ltr'>consili</span> <span class='ocrx_word' id='word_1_83' title='bbox 505 970 614 1026; x_wconf 89' lang='lat' dir='ltr'>propter</span> <span class='ocrx_word' id='word_1_84' title='bbox 626 965 698 1013; x_wconf 91' lang='lat' dir='ltr'>Sem-</span> <span class='ocrx_word' id='word_1_85' title='bbox 721 963 838 1012; x_wconf 80' lang='lat' dir='ltr'>Catilina</span> <span class='ocrx_word' id='word_1_86' title='bbox 860 963 924 1012; x_wconf 86' lang='lat' dir='ltr'>data</span> <span class='ocrx_word' id='word_1_87' title='bbox 947 969 1026 1024; x_wconf 88' lang='lat' dir='ltr'>atque</span> <span class='ocrx_word' id='word_1_88' title='bbox 1049 968 1160 1023; x_wconf 88' lang='lat' dir='ltr'>accepta</span> <span class='ocrx_word' id='word_1_89' title='bbox 1183 961 1235 1012; x_wconf 83' lang='lat' dir='ltr'>fids</span> 
     </span>
     <span class='ocr_line' id='line_1_10' title="bbox 104 1033 1252 1103; baseline 0.001 -14"><span class='ocrx_word' id='word_1_90' title='bbox 104 1037 108 1043; x_wconf 86' lang='grc'><strong>’</strong></span> <span class='ocrx_word' id='word_1_91' title='bbox 184 1042 320 1103; x_wconf 90' lang='lat' dir='ltr'>proniam:</span> <span class='ocrx_word' id='word_1_92' title='bbox 355 1055 420 1089; x_wconf 86' lang='lat' dir='ltr'>nam</span> <span class='ocrx_word' id='word_1_93' title='bbox 448 1047 506 1089; x_wconf 89' lang='lat' dir='ltr'>turn</span> <span class='ocrx_word' id='word_1_94' title='bbox 534 1040 636 1089; x_wconf 88' lang='lat' dir='ltr'>Brutus</span> <span class='ocrx_word' id='word_1_95' title='bbox 664 1042 698 1090; x_wconf 90' lang='lat' dir='ltr'>ab</span> <span class='ocrx_word' id='word_1_96' title='bbox 720 1040 1079 1089; x_wconf 87' lang='lat' dir='ltr'>societaternconlirmarent.</span> <span class='ocrx_word' id='word_1_97' title='bbox 1099 1033 1252 1100; x_wconf 63' lang='lat' dir='ltr'>lpsevolli</span> 
     </span>
     <span class='ocr_line' id='line_1_11' title="bbox 154 1114 1233 1176; baseline -0.003 -9"><span class='ocrx_word' id='word_1_98' title='bbox 154 1117 271 1168; x_wconf 82' lang='lat' dir='ltr'>6Roma</span> <span class='ocrx_word' id='word_1_99' title='bbox 311 1118 411 1166; x_wconf 87' lang='lat' dir='ltr'>aberat.</span> <span class='ocrx_word' id='word_1_100' title='bbox 464 1117 607 1166; x_wconf 86' lang='lat' dir='ltr'>Praeterea</span> <span class='ocrx_word' id='word_1_101' title='bbox 646 1118 698 1166; x_wconf 84' lang='lat' dir='ltr'>Ga·</span> <span class='ocrx_word' id='word_1_102' title='bbox 720 1117 806 1166; x_wconf 91' lang='lat' dir='ltr'>turcio</span> <span class='ocrx_word' id='word_1_103' title='bbox 829 1117 932 1165; x_wconf 83' lang='lat' dir='ltr'>litteras</span> <span class='ocrx_word' id='word_1_104' title='bbox 952 1116 986 1165; x_wconf 89' lang='lat' dir='ltr'>ad</span> <span class='ocrx_word' id='word_1_105' title='bbox 1008 1115 1154 1165; x_wconf 81' lang='lat' dir='ltr'>Catilinam</span> <span class='ocrx_word' id='word_1_106' title='bbox 1177 1114 1233 1176; x_wconf 88' lang='lat' dir='ltr'>dat,</span> 
     </span>
     <span class='ocr_line' id='line_1_12' title="bbox 185 1191 1233 1256; baseline -0.001 -15"><span class='ocrx_word' id='word_1_107' title='bbox 185 1194 286 1242; x_wconf 88' lang='lat' dir='ltr'>binium</span> <span class='ocrx_word' id='word_1_108' title='bbox 310 1195 429 1254; x_wconf 84' lang='lat' dir='ltr'>arcessit,</span> <span class='ocrx_word' id='word_1_109' title='bbox 454 1207 507 1256; x_wconf 92' lang='lat' dir='ltr'>quo</span> <span class='ocrx_word' id='word_1_110' title='bbox 529 1194 615 1242; x_wconf 89' lang='lat' dir='ltr'>maior</span> <span class='ocrx_word' id='word_1_111' title='bbox 636 1208 698 1242; x_wconf 86' lang='lat' dir='ltr'>auc·</span> <span class='ocrx_word' id='word_1_112' title='bbox 720 1206 832 1254; x_wconf 86' lang='lat' dir='ltr'>quarum</span> <span class='ocrx_word' id='word_1_113' title='bbox 845 1191 1000 1253; x_wconf 87' lang='lat' dir='ltr'>exemplum</span> <span class='ocrx_word' id='word_1_114' title='bbox 1013 1191 1085 1240; x_wconf 81' lang='lat' dir='ltr'>infra</span> <span class='ocrx_word' id='word_1_115' title='bbox 1102 1191 1233 1253; x_wconf 86' lang='lat' dir='ltr'>scriptum</span> 
     </span>
     <span class='ocr_line' id='line_1_13' title="bbox 184 1267 1234 1330; baseline -0.001 -13"><span class='ocrx_word' id='word_1_116' title='bbox 184 1271 278 1318; x_wconf 85' lang='lat' dir='ltr'>toritas</span> <span class='ocrx_word' id='word_1_117' title='bbox 327 1271 443 1319; x_wconf 91' lang='lat' dir='ltr'>sermoni</span> <span class='ocrx_word' id='word_1_118' title='bbox 489 1270 596 1319; x_wconf 88' lang='lat' dir='ltr'>inesset.</span> <span class='ocrx_word' id='word_1_119' title='bbox 657 1270 697 1319; x_wconf 83' lang='grc' dir='ltr'>Εο</span> <span class='ocrx_word' id='word_1_120' title='bbox 720 1274 772 1317; x_wconf 89' lang='lat' dir='ltr'>est:</span> <span class='ocrx_word' id='word_1_121' title='bbox 792 1268 870 1328; x_wconf 83' lang='lat' dir='ltr'>“Qui</span> <span class='ocrx_word' id='word_1_122' title='bbox 888 1269 948 1329; x_wconf 86' lang='lat' dir='ltr'>sim,</span> <span class='ocrx_word' id='word_1_123' title='bbox 962 1282 995 1316; x_wconf 89' lang='lat' dir='ltr'>ex</span> <span class='ocrx_word' id='word_1_124' title='bbox 1007 1281 1039 1316; x_wconf 93' lang='lat' dir='ltr'>eo</span> <span class='ocrx_word' id='word_1_125' title='bbox 1058 1280 1138 1330; x_wconf 89' lang='lat' dir='ltr'>quem</span> <span class='ocrx_word' id='word_1_126' title='bbox 1155 1267 1189 1316; x_wconf 91' lang='lat' dir='ltr'>ad</span> <span class='ocrx_word' id='word_1_127' title='bbox 1207 1274 1234 1316; x_wconf 87' lang='lat' dir='ltr'>te</span> 
     </span>
     <span class='ocr_line' id='line_1_14' title="bbox 184 1343 1255 1408; baseline -0.002 -14"><span class='ocrx_word' id='word_1_128' title='bbox 184 1351 324 1408; x_wconf 87' lang='lat' dir='ltr'>praesente</span> <span class='ocrx_word' id='word_1_129' title='bbox 352 1346 569 1395; x_wconf 90' lang='lat' dir='ltr'>coniurationem</span> <span class='ocrx_word' id='word_1_130' title='bbox 599 1347 694 1408; x_wconf 91' lang='lat' dir='ltr'>aperit,</span> <span class='ocrx_word' id='word_1_131' title='bbox 720 1346 780 1393; x_wconf 89' lang='lat' dir='ltr'>ruisi</span> <span class='ocrx_word' id='word_1_132' title='bbox 798 1358 951 1407; x_wconf 86' lang='lat' dir='ltr'>cognosces.</span> <span class='ocrx_word' id='word_1_133' title='bbox 998 1344 1052 1393; x_wconf 83' lang='lat' dir='ltr'>Fac</span> <span class='ocrx_word' id='word_1_134' title='bbox 1075 1343 1186 1407; x_wconf 81' lang='lat' dir='ltr'>cogites,</span> <span class='ocrx_word' id='word_1_135' title='bbox 1205 1344 1255 1393; x_wconf 81' lang='lat' dir='ltr'>inl</span> 
     </span>
     <span class='ocr_line' id='line_1_15' title="bbox 95 1421 1234 1485; baseline -0.002 -15"><span class='ocrx_word' id='word_1_136' title='bbox 95 1426 104 1442; x_wconf 87' lang='lat'><em>&#39;</em></span> <span class='ocrx_word' id='word_1_137' title='bbox 183 1423 306 1471; x_wconf 90' lang='lat' dir='ltr'>nominat</span> <span class='ocrx_word' id='word_1_138' title='bbox 325 1423 419 1483; x_wconf 89' lang='lat' dir='ltr'>socios,</span> <span class='ocrx_word' id='word_1_139' title='bbox 438 1429 576 1485; x_wconf 86' lang='lat' dir='ltr'>praeterea</span> <span class='ocrx_word' id='word_1_140' title='bbox 597 1422 697 1471; x_wconf 83' lang='lat' dir='ltr'>multoe</span> <span class='ocrx_word' id='word_1_141' title='bbox 719 1427 820 1484; x_wconf 86' lang='lat' dir='ltr'>quanta</span> <span class='ocrx_word' id='word_1_142' title='bbox 843 1421 997 1470; x_wconf 83' lang='lat' dir='ltr'>calamitate</span> <span class='ocrx_word' id='word_1_143' title='bbox 1021 1421 1065 1481; x_wconf 89' lang='lat' dir='ltr'>sis,</span> <span class='ocrx_word' id='word_1_144' title='bbox 1090 1425 1118 1470; x_wconf 85' lang='lat' dir='ltr'>et</span> <span class='ocrx_word' id='word_1_145' title='bbox 1140 1421 1234 1469; x_wconf 88' lang='lat' dir='ltr'>memi-</span> 
     </span>
     <span class='ocr_line' id='line_1_16' title="bbox 183 1497 1233 1561; baseline -0.001 -14"><span class='ocrx_word' id='word_1_146' title='bbox 183 1499 313 1561; x_wconf 85' lang='lat' dir='ltr'>cuiusque</span> <span class='ocrx_word' id='word_1_147' title='bbox 342 1501 446 1560; x_wconf 86' lang='lat' dir='ltr'>generis</span> <span class='ocrx_word' id='word_1_148' title='bbox 478 1500 612 1560; x_wconf 85' lang='lat' dir='ltr'>innoxios,</span> <span class='ocrx_word' id='word_1_149' title='bbox 644 1513 697 1561; x_wconf 92' lang='lat' dir='ltr'>quo</span> <span class='ocrx_word' id='word_1_150' title='bbox 719 1498 790 1546; x_wconf 88' lang='lat' dir='ltr'>neris</span> <span class='ocrx_word' id='word_1_151' title='bbox 819 1504 846 1546; x_wconf 91' lang='lat' dir='ltr'>te</span> <span class='ocrx_word' id='word_1_152' title='bbox 868 1499 956 1546; x_wconf 87' lang='lat' dir='ltr'>virum</span> <span class='ocrx_word' id='word_1_153' title='bbox 982 1509 1051 1546; x_wconf 90' lang='lat' dir='ltr'>esse:</span> <span class='ocrx_word' id='word_1_154' title='bbox 1080 1497 1233 1546; x_wconf 86' lang='lat' dir='ltr'>consideres</span> 
     </span>
     <span class='ocr_line' id='line_1_17' title="bbox 180 1573 1234 1638; baseline 0 -15"><span class='ocrx_word' id='word_1_155' title='bbox 180 1575 275 1637; x_wconf 84' lang='lat' dir='ltr'>legatis</span> <span class='ocrx_word' id='word_1_156' title='bbox 315 1576 422 1624; x_wconf 89' lang='lat' dir='ltr'>animus</span> <span class='ocrx_word' id='word_1_157' title='bbox 462 1575 577 1638; x_wconf 89' lang='lat' dir='ltr'>amplior</span> <span class='ocrx_word' id='word_1_158' title='bbox 616 1582 694 1625; x_wconf 87' lang='lat' dir='ltr'>esset.</span> <span class='ocrx_word' id='word_1_159' title='bbox 719 1575 783 1637; x_wconf 93' lang='lat' dir='ltr'>quid</span> <span class='ocrx_word' id='word_1_160' title='bbox 794 1581 856 1623; x_wconf 92' lang='lat' dir='ltr'>tuae</span> <span class='ocrx_word' id='word_1_161' title='bbox 869 1575 987 1624; x_wconf 88' lang='lat' dir='ltr'>rationes</span> <span class='ocrx_word' id='word_1_162' title='bbox 1000 1573 1151 1636; x_wconf 84' lang='lat' dir='ltr'>postulent:</span> <span class='ocrx_word' id='word_1_163' title='bbox 1168 1587 1234 1623; x_wconf 89' lang='lat' dir='ltr'>aux·</span> 
     </span>
     <span class='ocr_line' id='line_1_18' title="bbox 183 1651 1233 1713; baseline -0.001 -12"><span class='ocrx_word' id='word_1_164' title='bbox 183 1651 287 1701; x_wconf 81' lang='lat' dir='ltr'>Deinde</span> <span class='ocrx_word' id='word_1_165' title='bbox 299 1666 343 1700; x_wconf 91' lang='lat' dir='ltr'>eos</span> <span class='ocrx_word' id='word_1_166' title='bbox 356 1651 491 1713; x_wconf 86' lang='lat' dir='ltr'>pollicitos</span> <span class='ocrx_word' id='word_1_167' title='bbox 503 1665 611 1713; x_wconf 85' lang='lat' dir='ltr'>operam</span> <span class='ocrx_word' id='word_1_168' title='bbox 620 1666 695 1701; x_wconf 89' lang='lat' dir='ltr'>suam</span> <span class='ocrx_word' id='word_1_169' title='bbox 720 1651 796 1699; x_wconf 91' lang='lat' dir='ltr'>ilium</span> <span class='ocrx_word' id='word_1_170' title='bbox 808 1658 884 1713; x_wconf 90' lang='lat' dir='ltr'>petas</span> <span class='ocrx_word' id='word_1_171' title='bbox 898 1652 933 1699; x_wconf 86' lang='lat' dir='ltr'>ab</span> <span class='ocrx_word' id='word_1_172' title='bbox 950 1651 1085 1712; x_wconf 89' lang='lat' dir='ltr'>omnibus,</span> <span class='ocrx_word' id='word_1_173' title='bbox 1098 1651 1182 1700; x_wconf 90' lang='lat' dir='ltr'>etiam</span> <span class='ocrx_word' id='word_1_174' title='bbox 1198 1651 1233 1700; x_wconf 88' lang='lat' dir='ltr'>ab</span> 
     </span>
     <span class='ocr_line' id='line_1_19' title="bbox 183 1724 1260 1777; baseline -0.003 -1"><span class='ocrx_word' id='word_1_175' title='bbox 183 1728 293 1777; x_wconf 88' lang='lat' dir='ltr'>domurn</span> <span class='ocrx_word' id='word_1_176' title='bbox 307 1728 428 1777; x_wconf 91' lang='lat' dir='ltr'>dimittit.</span> <span class='ocrx_word' id='word_1_177' title='bbox 719 1727 847 1776; x_wconf 71' lang='lat' dir='ltr'>infimis,”</span> <span class='ocrx_word' id='word_1_178' title='bbox 893 1727 935 1776; x_wconf 87' lang='lat' dir='ltr'>Ad</span> <span class='ocrx_word' id='word_1_179' title='bbox 958 1727 1009 1775; x_wconf 91' lang='lat' dir='ltr'>hoc</span> <span class='ocrx_word' id='word_1_180' title='bbox 1030 1727 1159 1776; x_wconf 85' lang='lat' dir='ltr'>mandata</span> <span class='ocrx_word' id='word_1_181' title='bbox 1176 1724 1260 1777; x_wconf 74' lang='lat' dir='ltr'>ver-t</span> 
     </span>
     <span class='ocr_line' id='line_1_20' title="bbox 213 1803 1233 1868; baseline 0.002 -17"><span class='ocrx_word' id='word_1_182' title='bbox 213 1803 259 1852; x_wconf 84' lang='lat'>41.</span> <span class='ocrx_word' id='word_1_183' title='bbox 277 1805 328 1854; x_wconf 89' lang='lat' dir='ltr'>Sed</span> <span class='ocrx_word' id='word_1_184' title='bbox 352 1805 512 1868; x_wconf 84' lang='lat' dir='ltr'>Allobroges</span> <span class='ocrx_word' id='word_1_185' title='bbox 534 1804 581 1854; x_wconf 88' lang='lat' dir='ltr'>diu</span> <span class='ocrx_word' id='word_1_186' title='bbox 604 1806 632 1855; x_wconf 94' lang='lat' dir='ltr'>in</span> <span class='ocrx_word' id='word_1_187' title='bbox 656 1805 696 1854; x_wconf 92' lang='lat' dir='ltr'>in·</span> <span class='ocrx_word' id='word_1_188' title='bbox 719 1805 759 1854; x_wconf 89' lang='lat' dir='ltr'>his</span> <span class='ocrx_word' id='word_1_189' title='bbox 770 1805 829 1852; x_wconf 87' lang='lat' dir='ltr'>dat:</span> <span class='ocrx_word' id='word_1_190' title='bbox 846 1817 908 1852; x_wconf 87' lang='lat' dir='ltr'>cum</span> <span class='ocrx_word' id='word_1_191' title='bbox 926 1803 960 1852; x_wconf 91' lang='lat' dir='ltr'>ab</span> <span class='ocrx_word' id='word_1_192' title='bbox 977 1809 1073 1852; x_wconf 89' lang='lat' dir='ltr'>senatu</span> <span class='ocrx_word' id='word_1_193' title='bbox 1090 1804 1176 1853; x_wconf 91' lang='lat' dir='ltr'>hostis</span> <span class='ocrx_word' id='word_1_194' title='bbox 1192 1803 1233 1853; x_wconf 91' lang='lat' dir='ltr'>iu-</span> 
     </span>
     <span class='ocr_line' id='line_1_21' title="bbox 182 1879 1232 1943; baseline 0 -13"><span class='ocrx_word' id='word_1_195' title='bbox 182 1886 255 1931; x_wconf 91' lang='lat' dir='ltr'>certo</span> <span class='ocrx_word' id='word_1_196' title='bbox 283 1881 409 1943; x_wconf 85' lang='lat' dir='ltr'>habuere,</span> <span class='ocrx_word' id='word_1_197' title='bbox 439 1882 569 1943; x_wconf 90' lang='lat' dir='ltr'>quidnam</span> <span class='ocrx_word' id='word_1_198' title='bbox 601 1882 695 1931; x_wconf 91' lang='lat' dir='ltr'>consili</span> <span class='ocrx_word' id='word_1_199' title='bbox 717 1881 821 1930; x_wconf 87' lang='lat' dir='ltr'>dicatus</span> <span class='ocrx_word' id='word_1_200' title='bbox 844 1880 887 1941; x_wconf 92' lang='lat' dir='ltr'>sit,</span> <span class='ocrx_word' id='word_1_201' title='bbox 913 1894 966 1942; x_wconf 92' lang='lat' dir='ltr'>quo</span> <span class='ocrx_word' id='word_1_202' title='bbox 989 1879 1101 1929; x_wconf 92' lang='lat' dir='ltr'>consilio</span> <span class='ocrx_word' id='word_1_203' title='bbox 1121 1881 1232 1930; x_wconf 88' lang='lat' dir='ltr'>servitia</span> 
     </span>
     <span class='ocr_line' id='line_1_22' title="bbox 153 1953 1231 2021; baseline -0.001 -13"><span class='ocrx_word' id='word_1_204' title='bbox 153 1963 320 2020; x_wconf 70' lang='lat' dir='ltr'>uesperent:</span> <span class='ocrx_word' id='word_1_205' title='bbox 340 1959 368 2006; x_wconf 92' lang='lat' dir='ltr'>in</span> <span class='ocrx_word' id='word_1_206' title='bbox 380 1957 464 2007; x_wconf 88' lang='lat' dir='ltr'>altera</span> <span class='ocrx_word' id='word_1_207' title='bbox 483 1963 559 2021; x_wconf 90' lang='lat' dir='ltr'>parte</span> <span class='ocrx_word' id='word_1_208' title='bbox 576 1964 633 2007; x_wconf 90' lang='lat' dir='ltr'>erat</span> <span class='ocrx_word' id='word_1_209' title='bbox 650 1972 695 2008; x_wconf 89' lang='lat' dir='ltr'>aes</span> <span class='ocrx_word' id='word_1_210' title='bbox 717 1955 863 2020; x_wconf 78' lang='lat' dir='ltr'>repudiet?</span> <span class='ocrx_word' id='word_1_211' title='bbox 906 1955 941 2005; x_wconf 93' lang='lat' dir='ltr'>In</span> <span class='ocrx_word' id='word_1_212' title='bbox 964 1956 1029 2005; x_wconf 91' lang='lat' dir='ltr'>urhe</span> <span class='ocrx_word' id='word_1_213' title='bbox 1051 1953 1146 2018; x_wconf 85' lang='lat' dir='ltr'>parata</span> <span class='ocrx_word' id='word_1_214' title='bbox 1173 1970 1231 2007; x_wconf 87' lang='lat' dir='ltr'>esse</span> 
     </span>
     <span class='ocr_line' id='line_1_23' title="bbox 181 2034 1231 2098; baseline 0.001 -14"><span class='ocrx_word' id='word_1_215' title='bbox 181 2035 309 2096; x_wconf 89' lang='lat' dir='ltr'>alienum,</span> <span class='ocrx_word' id='word_1_216' title='bbox 340 2035 461 2085; x_wconf 89' lang='lat' dir='ltr'>studium</span> <span class='ocrx_word' id='word_1_217' title='bbox 497 2035 569 2095; x_wconf 89' lang='lat' dir='ltr'>belli,</span> <span class='ocrx_word' id='word_1_218' title='bbox 598 2049 696 2098; x_wconf 88' lang='lat' dir='ltr'>rnagna</span> <span class='ocrx_word' id='word_1_219' title='bbox 717 2048 786 2098; x_wconf 89' lang='lat' dir='ltr'>quae</span> <span class='ocrx_word' id='word_1_220' title='bbox 808 2034 928 2083; x_wconf 89' lang='lat' dir='ltr'>iusserit:</span> <span class='ocrx_word' id='word_1_221' title='bbox 952 2047 986 2082; x_wconf 91' lang='lat' dir='ltr'>ne</span> <span class='ocrx_word' id='word_1_222' title='bbox 1009 2038 1151 2083; x_wconf 88' lang='lat' dir='ltr'>cunctetur</span> <span class='ocrx_word' id='word_1_223' title='bbox 1173 2035 1231 2096; x_wconf 85' lang='lat' dir='ltr'>ipse</span> 
     </span>
     <span class='ocr_line' id='line_1_24' title="bbox 181 2111 977 2175; baseline -0.003 -14"><span class='ocrx_word' id='word_1_224' title='bbox 181 2127 282 2163; x_wconf 91' lang='lat' dir='ltr'>merces</span> <span class='ocrx_word' id='word_1_225' title='bbox 299 2113 326 2161; x_wconf 95' lang='lat' dir='ltr'>in</span> <span class='ocrx_word' id='word_1_226' title='bbox 345 2127 392 2175; x_wconf 88' lang='lat' dir='ltr'>spe</span> <span class='ocrx_word' id='word_1_227' title='bbox 410 2112 545 2173; x_wconf 87' lang='lat' dir='ltr'>victoriae,</span> <span class='ocrx_word' id='word_1_228' title='bbox 565 2117 593 2160; x_wconf 89' lang='lat' dir='ltr'>at</span> <span class='ocrx_word' id='word_1_229' title='bbox 610 2113 639 2161; x_wconf 92' lang='lat' dir='ltr'>in</span> <span class='ocrx_word' id='word_1_230' title='bbox 659 2113 695 2161; x_wconf 90' lang='lat' dir='ltr'>al·</span> <span class='ocrx_word' id='word_1_231' title='bbox 717 2113 827 2175; x_wconf 91' lang='lat' dir='ltr'>propius</span> <span class='ocrx_word' id='word_1_232' title='bbox 845 2111 977 2160; x_wconf 87' lang='lat' dir='ltr'>accedere.</span> 
     </span>
     <span class='ocr_line' id='line_1_25' title="bbox 180 2190 1232 2254; baseline 0.002 -14"><span class='ocrx_word' id='word_1_233' title='bbox 180 2196 239 2240; x_wconf 89' lang='lat' dir='ltr'>tera</span> <span class='ocrx_word' id='word_1_234' title='bbox 260 2192 374 2241; x_wconf 90' lang='lat' dir='ltr'>maiores</span> <span class='ocrx_word' id='word_1_235' title='bbox 396 2205 468 2253; x_wconf 87' lang='lat' dir='ltr'>opes,</span> <span class='ocrx_word' id='word_1_236' title='bbox 490 2195 550 2240; x_wconf 90' lang='lat' dir='ltr'>tuta</span> <span class='ocrx_word' id='word_1_237' title='bbox 572 2190 693 2252; x_wconf 86' lang='lat' dir='ltr'>consilia,</span> <span class='ocrx_word' id='word_1_238' title='bbox 748 2193 794 2240; x_wconf 77' lang='lat'>4⁵.</span> <span class='ocrx_word' id='word_1_239' title='bbox 813 2193 864 2242; x_wconf 87' lang='lat' dir='ltr'>His</span> <span class='ocrx_word' id='word_1_240' title='bbox 882 2194 960 2242; x_wconf 90' lang='lat' dir='ltr'>rebus</span> <span class='ocrx_word' id='word_1_241' title='bbox 978 2194 1016 2241; x_wconf 90' lang='lat' dir='ltr'>ita</span> <span class='ocrx_word' id='word_1_242' title='bbox 1037 2194 1114 2254; x_wconf 89' lang='lat' dir='ltr'>actis,</span> <span class='ocrx_word' id='word_1_243' title='bbox 1133 2193 1232 2243; x_wconf 87' lang='lat' dir='ltr'>consti-</span> 
     </span>
     <span class='ocr_line' id='line_1_26' title="bbox 181 2269 1229 2333; baseline 0.004 -17"><span class='ocrx_word' id='word_1_244' title='bbox 181 2281 229 2329; x_wconf 93' lang='lat' dir='ltr'>pro</span> <span class='ocrx_word' id='word_1_245' title='bbox 257 2269 360 2317; x_wconf 90' lang='lat' dir='ltr'>incerta</span> <span class='ocrx_word' id='word_1_246' title='bbox 387 2283 435 2331; x_wconf 91' lang='lat' dir='ltr'>spe</span> <span class='ocrx_word' id='word_1_247' title='bbox 463 2275 536 2319; x_wconf 88' lang='lat' dir='ltr'>certa</span> <span class='ocrx_word' id='word_1_248' title='bbox 565 2271 692 2332; x_wconf 88' lang='lat' dir='ltr'>praemia.</span> <span class='ocrx_word' id='word_1_249' title='bbox 717 2276 776 2320; x_wconf 88' lang='lat' dir='ltr'>tuta</span> <span class='ocrx_word' id='word_1_250' title='bbox 804 2277 883 2320; x_wconf 89' lang='lat' dir='ltr'>noete</span> <span class='ocrx_word' id='word_1_251' title='bbox 911 2285 964 2333; x_wconf 88' lang='lat' dir='ltr'>qua</span> <span class='ocrx_word' id='word_1_252' title='bbox 990 2270 1229 2333; x_wconf 84' lang='lat' dir='ltr'>proficiscerentur,</span> 
     </span>
     <span class='ocr_line' id='line_1_27' title="bbox 151 2343 1231 2409; baseline 0.001 -14"><span class='ocrx_word' id='word_1_253' title='bbox 151 2351 166 2395; x_wconf 87' lang='grc'>3</span> <span class='ocrx_word' id='word_1_254' title='bbox 181 2343 256 2393; x_wconf 91' lang='lat' dir='ltr'>Haec</span> <span class='ocrx_word' id='word_1_255' title='bbox 266 2343 317 2393; x_wconf 89' lang='lat' dir='ltr'>illis</span> <span class='ocrx_word' id='word_1_256' title='bbox 325 2345 503 2407; x_wconf 88' lang='lat' dir='ltr'>volventibus,</span> <span class='ocrx_word' id='word_1_257' title='bbox 512 2346 695 2395; x_wconf 90' lang='lat' dir='ltr'>tandemvicit</span> <span class='ocrx_word' id='word_1_258' title='bbox 717 2346 811 2396; x_wconf 88' lang='lat' dir='ltr'>Cicero</span> <span class='ocrx_word' id='word_1_259' title='bbox 829 2361 876 2409; x_wconf 93' lang='lat' dir='ltr'>per</span> <span class='ocrx_word' id='word_1_260' title='bbox 888 2346 988 2409; x_wconf 86' lang='lat' dir='ltr'>legatos</span> <span class='ocrx_word' id='word_1_261' title='bbox 1005 2353 1103 2396; x_wconf 88' lang='lat' dir='ltr'>cuncta</span> <span class='ocrx_word' id='word_1_262' title='bbox 1119 2347 1231 2398; x_wconf 87' lang='lat' dir='ltr'>edoctus</span> 
     </span>
     <span class='ocr_line' id='line_1_28' title="bbox 180 2419 1231 2489; baseline 0.009 -21"><span class='ocrx_word' id='word_1_263' title='bbox 180 2419 291 2470; x_wconf 86' lang='lat' dir='ltr'>fortuna</span> <span class='ocrx_word' id='word_1_264' title='bbox 313 2422 351 2470; x_wconf 92' lang='lat' dir='ltr'>rei</span> <span class='ocrx_word' id='word_1_265' title='bbox 376 2422 506 2484; x_wconf 89' lang='lat' dir='ltr'>publicae.</span> <span class='ocrx_word' id='word_1_266' title='bbox 544 2423 639 2485; x_wconf 87' lang='lat' dir='ltr'>Itaque</span> <span class='ocrx_word' id='word_1_267' title='bbox 660 2422 691 2483; x_wconf 81' lang='lat' dir='ltr'>Q.</span> <span class='ocrx_word' id='word_1_268' title='bbox 717 2426 746 2474; x_wconf 91' lang='lat' dir='ltr'>L.</span> <span class='ocrx_word' id='word_1_269' title='bbox 782 2426 893 2476; x_wconf 86' lang='lat' dir='ltr'>Valerio</span> <span class='ocrx_word' id='word_1_270' title='bbox 916 2427 1012 2476; x_wconf 82' lang='lat' dir='ltr'>Flacco</span> <span class='ocrx_word' id='word_1_271' title='bbox 1031 2433 1058 2475; x_wconf 93' lang='lat' dir='ltr'>et</span> <span class='ocrx_word' id='word_1_272' title='bbox 1081 2427 1110 2476; x_wconf 87' lang='lat' dir='ltr'>C.</span> <span class='ocrx_word' id='word_1_273' title='bbox 1133 2426 1231 2489; x_wconf 84' lang='lat' dir='ltr'>Pomp</span> 
     </span>
     <span class='ocr_line' id='line_1_29' title="bbox 151 2496 1230 2566; baseline 0.009 -24"><span class='ocrx_word' id='word_1_274' title='bbox 151 2496 264 2545; x_wconf 82' lang='lat' dir='ltr'>4Fahio</span> <span class='ocrx_word' id='word_1_275' title='bbox 291 2497 404 2560; x_wconf 87' lang='lat' dir='ltr'>Sangae,</span> <span class='ocrx_word' id='word_1_276' title='bbox 434 2500 509 2548; x_wconf 90' lang='lat' dir='ltr'>cuius</span> <span class='ocrx_word' id='word_1_277' title='bbox 543 2500 694 2561; x_wconf 91' lang='lat' dir='ltr'>patrocinio</span> <span class='ocrx_word' id='word_1_278' title='bbox 717 2503 774 2551; x_wconf 91' lang='lat' dir='ltr'>tino</span> <span class='ocrx_word' id='word_1_279' title='bbox 802 2504 970 2565; x_wconf 87' lang='lat' dir='ltr'>praetoribus</span> <span class='ocrx_word' id='word_1_280' title='bbox 999 2504 1120 2566; x_wconf 90' lang='lat' dir='ltr'>imperat,</span> <span class='ocrx_word' id='word_1_281' title='bbox 1145 2511 1176 2552; x_wconf 88' lang='lat' dir='ltr'>ut</span> <span class='ocrx_word' id='word_1_282' title='bbox 1201 2505 1230 2552; x_wconf 93' lang='lat' dir='ltr'>ln</span> 
     </span>
     <span class='ocr_line' id='line_1_30' title="bbox 180 2573 1231 2642; baseline 0.007 -20"><span class='ocrx_word' id='word_1_283' title='bbox 180 2573 275 2623; x_wconf 88' lang='lat' dir='ltr'>civitas</span> <span class='ocrx_word' id='word_1_284' title='bbox 297 2574 453 2636; x_wconf 86' lang='lat' dir='ltr'>plurumum</span> <span class='ocrx_word' id='word_1_285' title='bbox 477 2575 612 2636; x_wconf 89' lang='lat' dir='ltr'>utebatur,</span> <span class='ocrx_word' id='word_1_286' title='bbox 637 2591 693 2624; x_wconf 92' lang='lat' dir='ltr'>rem</span> <span class='ocrx_word' id='word_1_287' title='bbox 713 2585 798 2640; x_wconf 89' lang='lat' dir='ltr'>ponte</span> <span class='ocrx_word' id='word_1_288' title='bbox 822 2579 925 2628; x_wconf 86' lang='lat' dir='ltr'>Mulvio</span> <span class='ocrx_word' id='word_1_289' title='bbox 951 2593 998 2642; x_wconf 93' lang='lat' dir='ltr'>per</span> <span class='ocrx_word' id='word_1_290' title='bbox 1022 2580 1132 2629; x_wconf 90' lang='lat' dir='ltr'>insidias</span> <span class='ocrx_word' id='word_1_291' title='bbox 1156 2579 1231 2630; x_wconf 81' lang='lat' dir='ltr'>Allo·</span> 
     </span>
     <span class='ocr_line' id='line_1_31' title="bbox 180 2652 1230 2718; baseline 0.009 -21"><span class='ocrx_word' id='word_1_292' title='bbox 180 2663 297 2710; x_wconf 90' lang='lat' dir='ltr'>omnem,</span> <span class='ocrx_word' id='word_1_293' title='bbox 306 2652 347 2700; x_wconf 93' lang='lat' dir='ltr'>uti</span> <span class='ocrx_word' id='word_1_294' title='bbox 356 2657 546 2715; x_wconf 84' lang='lat' dir='ltr'>cognoverant,</span> <span class='ocrx_word' id='word_1_295' title='bbox 558 2653 690 2714; x_wconf 92' lang='lat' dir='ltr'>aperiunt.</span> <span class='ocrx_word' id='word_1_296' title='bbox 716 2657 826 2718; x_wconf 84' lang='lat' dir='ltr'>brognrn</span> <span class='ocrx_word' id='word_1_297' title='bbox 847 2657 991 2705; x_wconf 87' lang='lat' dir='ltr'>comitatus</span> <span class='ocrx_word' id='word_1_298' title='bbox 1013 2656 1230 2718; x_wconf 87' lang='lat' dir='ltr'>deprehendant;</span> 
     </span>
     <span class='ocr_line' id='line_1_32' title="bbox 150 2724 1229 2796; baseline 0.009 -24"><span class='ocrx_word' id='word_1_299' title='bbox 150 2724 282 2787; x_wconf 86' lang='lat' dir='ltr'>5Cieero,</span> <span class='ocrx_word' id='word_1_300' title='bbox 300 2741 348 2788; x_wconf 90' lang='lat' dir='ltr'>per</span> <span class='ocrx_word' id='word_1_301' title='bbox 365 2729 482 2790; x_wconf 87' lang='lat' dir='ltr'>Sangam</span> <span class='ocrx_word' id='word_1_302' title='bbox 502 2729 615 2778; x_wconf 88' lang='lat' dir='ltr'>consilio</span> <span class='ocrx_word' id='word_1_303' title='bbox 634 2743 694 2791; x_wconf 86' lang='lat' dir='ltr'>cog·</span> <span class='ocrx_word' id='word_1_304' title='bbox 715 2746 772 2780; x_wconf 91' lang='lat' dir='ltr'>rem</span> <span class='ocrx_word' id='word_1_305' title='bbox 793 2746 902 2781; x_wconf 86' lang='lat' dir='ltr'>ornnem</span> <span class='ocrx_word' id='word_1_306' title='bbox 924 2733 1019 2795; x_wconf 88' lang='lat' dir='ltr'>aperit,</span> <span class='ocrx_word' id='word_1_307' title='bbox 1043 2733 1119 2782; x_wconf 88' lang='lat' dir='ltr'>cuius</span> <span class='ocrx_word' id='word_1_308' title='bbox 1142 2735 1229 2796; x_wconf 86' lang='lat' dir='ltr'>gratia</span> 
     </span>
     <span class='ocr_line' id='line_1_33' title="bbox 180 2802 1228 2873; baseline 0.009 -23"><span class='ocrx_word' id='word_1_309' title='bbox 180 2803 247 2863; x_wconf 89' lang='lat' dir='ltr'>nito,</span> <span class='ocrx_word' id='word_1_310' title='bbox 261 2802 355 2866; x_wconf 89' lang='lat' dir='ltr'>legatis</span> <span class='ocrx_word' id='word_1_311' title='bbox 368 2805 512 2866; x_wconf 89' lang='lat' dir='ltr'>praecepit,</span> <span class='ocrx_word' id='word_1_312' title='bbox 527 2811 557 2852; x_wconf 94' lang='lat' dir='ltr'>ut</span> <span class='ocrx_word' id='word_1_313' title='bbox 572 2805 692 2854; x_wconf 89' lang='lat' dir='ltr'>studium</span> <span class='ocrx_word' id='word_1_314' title='bbox 715 2809 906 2871; x_wconf 87' lang='lat' dir='ltr'>mittebantur;</span> <span class='ocrx_word' id='word_1_315' title='bbox 918 2815 1014 2867; x_wconf 90' lang='lat' dir='ltr'>cetera,</span> <span class='ocrx_word' id='word_1_316' title='bbox 1026 2811 1066 2859; x_wconf 91' lang='lat' dir='ltr'>uti</span> <span class='ocrx_word' id='word_1_317' title='bbox 1076 2810 1149 2860; x_wconf 85' lang='lat' dir='ltr'>iacto</span> <span class='ocrx_word' id='word_1_318' title='bbox 1161 2824 1228 2873; x_wconf 92' lang='lat' dir='ltr'>opus</span> 
     </span>
     <span class='ocr_line' id='line_1_34' title="bbox 180 2879 1257 2948; baseline 0.005 -21"><span class='ocrx_word' id='word_1_319' title='bbox 180 2879 375 2928; x_wconf 90' lang='lat' dir='ltr'>coniurationis</span> <span class='ocrx_word' id='word_1_320' title='bbox 410 2882 585 2930; x_wconf 91' lang='lat' dir='ltr'>vehementer</span> <span class='ocrx_word' id='word_1_321' title='bbox 612 2882 693 2931; x_wconf 88' lang='lat' dir='ltr'>simn-</span> <span class='ocrx_word' id='word_1_322' title='bbox 715 2886 758 2942; x_wconf 89' lang='lat' dir='ltr'>sit,</span> <span class='ocrx_word' id='word_1_323' title='bbox 768 2885 805 2933; x_wconf 91' lang='lat' dir='ltr'>ita</span> <span class='ocrx_word' id='word_1_324' title='bbox 812 2892 903 2948; x_wconf 86' lang='lat' dir='ltr'>agant,</span> <span class='ocrx_word' id='word_1_325' title='bbox 917 2887 1057 2947; x_wconf 88' lang='lat' dir='ltr'>permittit.</span> <span class='ocrx_word' id='word_1_326' title='bbox 1078 2886 1131 2948; x_wconf 91' lang='lat' dir='ltr'>Illi,</span> <span class='ocrx_word' id='word_1_327' title='bbox 1142 2887 1257 2935; x_wconf 78' lang='lat' dir='ltr'>homi-2</span> 
     </span>
     <span class='ocr_line' id='line_1_35' title="bbox 180 2954 1229 3026; baseline 0.009 -23"><span class='ocrx_word' id='word_1_328' title='bbox 180 2954 245 3015; x_wconf 89' lang='lat' dir='ltr'>lent,</span> <span class='ocrx_word' id='word_1_329' title='bbox 269 2962 370 3005; x_wconf 89' lang='lat' dir='ltr'>ceteros</span> <span class='ocrx_word' id='word_1_330' title='bbox 393 2957 501 3019; x_wconf 82' lang='lat' dir='ltr'>adeant,</span> <span class='ocrx_word' id='word_1_331' title='bbox 526 2957 594 3006; x_wconf 90' lang='lat' dir='ltr'>bene</span> <span class='ocrx_word' id='word_1_332' title='bbox 617 2958 693 3020; x_wconf 92' lang='lat' dir='ltr'>polli-</span> <span class='ocrx_word' id='word_1_333' title='bbox 715 2975 762 3010; x_wconf 88' lang='lat' dir='ltr'>nes</span> <span class='ocrx_word' id='word_1_334' title='bbox 779 2961 919 3022; x_wconf 64' lang='lat' dir='ltr'>militares</span> <span class='ocrx_word' id='word_1_335' title='bbox 939 2963 998 3011; x_wconf 90' lang='lat' dir='ltr'>sine</span> <span class='ocrx_word' id='word_1_336' title='bbox 1017 2962 1136 3012; x_wconf 87' lang='lat' dir='ltr'>tumultu</span> <span class='ocrx_word' id='word_1_337' title='bbox 1153 2977 1229 3026; x_wconf 87' lang='lat' dir='ltr'>prae·</span> 
     </span>
     <span class='ocr_line' id='line_1_36' title="bbox 179 3032 1227 3102; baseline 0.009 -23"><span class='ocrx_word' id='word_1_338' title='bbox 179 3038 300 3092; x_wconf 87' lang='lat' dir='ltr'>ceantur,</span> <span class='ocrx_word' id='word_1_339' title='bbox 320 3032 438 3096; x_wconf 89' lang='lat' dir='ltr'>dentque</span> <span class='ocrx_word' id='word_1_340' title='bbox 456 3047 566 3095; x_wconf 92' lang='lat' dir='ltr'>operam</span> <span class='ocrx_word' id='word_1_341' title='bbox 585 3035 625 3083; x_wconf 91' lang='lat' dir='ltr'>uti</span> <span class='ocrx_word' id='word_1_342' title='bbox 647 3049 692 3084; x_wconf 89' lang='lat' dir='ltr'>eos</span> <span class='ocrx_word' id='word_1_343' title='bbox 715 3037 790 3086; x_wconf 89' lang='lat' dir='ltr'>sidiis</span> <span class='ocrx_word' id='word_1_344' title='bbox 799 3038 954 3100; x_wconf 88' lang='lat' dir='ltr'>conlocatis,</span> <span class='ocrx_word' id='word_1_345' title='bbox 965 3039 1043 3088; x_wconf 88' lang='lat' dir='ltr'>sicuti</span> <span class='ocrx_word' id='word_1_346' title='bbox 1053 3046 1227 3102; x_wconf 89' lang='lat' dir='ltr'>praeceptum</span> 
     </span>
     <span class='ocr_line' id='line_1_37' title="bbox 179 3111 1225 3176; baseline 0.009 -20"><span class='ocrx_word' id='word_1_347' title='bbox 179 3122 259 3171; x_wconf 90' lang='lat' dir='ltr'>quarn</span> <span class='ocrx_word' id='word_1_348' title='bbox 285 3123 412 3159; x_wconf 88' lang='lat' dir='ltr'>maxume</span> <span class='ocrx_word' id='word_1_349' title='bbox 435 3111 604 3160; x_wconf 85' lang='lat' dir='ltr'>manufestos</span> <span class='ocrx_word' id='word_1_350' title='bbox 627 3111 693 3159; x_wconf 90' lang='lat' dir='ltr'>hab·</span> <span class='ocrx_word' id='word_1_351' title='bbox 715 3120 779 3175; x_wconf 87' lang='lat' dir='ltr'>erat,</span> <span class='ocrx_word' id='word_1_352' title='bbox 809 3114 913 3163; x_wconf 89' lang='lat' dir='ltr'>occulte</span> <span class='ocrx_word' id='word_1_353' title='bbox 944 3121 1055 3176; x_wconf 88' lang='lat' dir='ltr'>pontem</span> <span class='ocrx_word' id='word_1_354' title='bbox 1088 3116 1225 3165; x_wconf 85' lang='lat' dir='ltr'>obsidunt.</span> 
     </span>
     <span class='ocr_line' id='line_1_38' title="bbox 715 3189 1257 3256; baseline 0.006 -17"><span class='ocrx_word' id='word_1_355' title='bbox 715 3191 862 3253; x_wconf 88' lang='lat' dir='ltr'>Postquam</span> <span class='ocrx_word' id='word_1_356' title='bbox 882 3191 916 3240; x_wconf 89' lang='lat' dir='ltr'>ad</span> <span class='ocrx_word' id='word_1_357' title='bbox 937 3191 964 3240; x_wconf 91' lang='lat' dir='ltr'>id</span> <span class='ocrx_word' id='word_1_358' title='bbox 987 3191 1038 3242; x_wconf 90' lang='lat' dir='ltr'>loci</span> <span class='ocrx_word' id='word_1_359' title='bbox 1061 3192 1142 3256; x_wconf 84' lang='lat' dir='ltr'>legati</span> <span class='ocrx_word' id='word_1_360' title='bbox 1165 3189 1257 3242; x_wconf 64' lang='lat' dir='ltr'>cum?-</span> 
     </span>
     <span class='ocr_line' id='line_1_39' title="bbox 715 3265 1228 3318; baseline 0.002 -1"><span class='ocrx_word' id='word_1_361' title='bbox 715 3265 856 3317; x_wconf 89' lang='lat' dir='ltr'>Volturcio</span> <span class='ocrx_word' id='word_1_362' title='bbox 865 3273 997 3316; x_wconf 89' lang='lat' dir='ltr'>venerunt</span> <span class='ocrx_word' id='word_1_363' title='bbox 1009 3273 1036 3317; x_wconf 86' lang='lat' dir='ltr'>et</span> <span class='ocrx_word' id='word_1_364' title='bbox 1045 3268 1125 3318; x_wconf 91' lang='lat' dir='ltr'>simul</span> <span class='ocrx_word' id='word_1_365' title='bbox 1132 3270 1228 3318; x_wconf 89' lang='lat' dir='ltr'>utrim-</span> 
     </span>
     <span class='ocr_line' id='line_1_40' title="bbox 177 3338 1227 3406; baseline 0.008 -20"><span class='ocrx_word' id='word_1_366' title='bbox 177 3392 180 3396; x_wconf 22' lang='lat'>,</span> <span class='ocrx_word' id='word_1_367' title='bbox 210 3338 256 3386; x_wconf 80' lang='lat'>44.</span> <span class='ocrx_word' id='word_1_368' title='bbox 274 3338 324 3387; x_wconf 88' lang='lat' dir='ltr'>Sed</span> <span class='ocrx_word' id='word_1_369' title='bbox 338 3339 496 3403; x_wconf 87' lang='lat' dir='ltr'>Allobroges</span> <span class='ocrx_word' id='word_1_370' title='bbox 507 3355 540 3389; x_wconf 84' lang='lat' dir='ltr'>ex</span> <span class='ocrx_word' id='word_1_371' title='bbox 549 3347 692 3404; x_wconf 82' lang='lat' dir='ltr'>praecepto</span> <span class='ocrx_word' id='word_1_372' title='bbox 714 3356 765 3404; x_wconf 92' lang='lat' dir='ltr'>que</span> <span class='ocrx_word' id='word_1_373' title='bbox 797 3342 897 3392; x_wconf 89' lang='lat' dir='ltr'>clamor</span> <span class='ocrx_word' id='word_1_374' title='bbox 933 3350 1043 3394; x_wconf 87' lang='lat' dir='ltr'>exortus</span> <span class='ocrx_word' id='word_1_375' title='bbox 1075 3351 1124 3406; x_wconf 88' lang='lat' dir='ltr'>est,</span> <span class='ocrx_word' id='word_1_376' title='bbox 1155 3346 1227 3394; x_wconf 83' lang='lat' dir='ltr'>Galli</span> 
     </span>
     <span class='ocr_line' id='line_1_41' title="bbox 179 3414 1227 3481; baseline 0.008 -18"><span class='ocrx_word' id='word_1_377' title='bbox 179 3414 317 3465; x_wconf 83' lang='lat' dir='ltr'>Ciceronis</span> <span class='ocrx_word' id='word_1_378' title='bbox 342 3431 390 3479; x_wconf 89' lang='lat' dir='ltr'>per</span> <span class='ocrx_word' id='word_1_379' title='bbox 417 3416 564 3467; x_wconf 87' lang='lat' dir='ltr'>Gabinium</span> <span class='ocrx_word' id='word_1_380' title='bbox 590 3423 691 3468; x_wconf 88' lang='lat' dir='ltr'>ceteros</span> <span class='ocrx_word' id='word_1_381' title='bbox 714 3420 767 3468; x_wconf 90' lang='lat' dir='ltr'>cito</span> <span class='ocrx_word' id='word_1_382' title='bbox 792 3421 902 3481; x_wconf 84' lang='lat' dir='ltr'>cognito</span> <span class='ocrx_word' id='word_1_383' title='bbox 928 3420 1041 3470; x_wconf 89' lang='lat' dir='ltr'>consilio</span> <span class='ocrx_word' id='word_1_384' title='bbox 1069 3422 1127 3470; x_wconf 90' lang='lat' dir='ltr'>sine</span> <span class='ocrx_word' id='word_1_385' title='bbox 1151 3436 1227 3472; x_wconf 89' lang='lat' dir='ltr'>mora</span> 
     </span>
     <span class='ocr_line' id='line_1_42' title="bbox 179 3493 1255 3558; baseline 0.008 -18"><span class='ocrx_word' id='word_1_386' title='bbox 179 3493 356 3558; x_wconf 81' lang='lat' dir='ltr'>conteniunt;</span> <span class='ocrx_word' id='word_1_387' title='bbox 380 3494 415 3542; x_wconf 86' lang='lat' dir='ltr'>ab</span> <span class='ocrx_word' id='word_1_388' title='bbox 437 3493 554 3543; x_wconf 89' lang='lat' dir='ltr'>Lentulo</span> <span class='ocrx_word' id='word_1_389' title='bbox 573 3495 692 3558; x_wconf 86' lang='lat' dir='ltr'>Cethego</span> <span class='ocrx_word' id='word_1_390' title='bbox 714 3497 882 3558; x_wconf 89' lang='lat' dir='ltr'>praetoribus</span> <span class='ocrx_word' id='word_1_391' title='bbox 905 3511 932 3546; x_wconf 91' lang='lat' dir='ltr'>se</span> <span class='ocrx_word' id='word_1_392' title='bbox 955 3497 1074 3547; x_wconf 90' lang='lat' dir='ltr'>tradunt.</span> <span class='ocrx_word' id='word_1_393' title='bbox 1117 3497 1255 3549; x_wconf 76' lang='lat' dir='ltr'>Voltur-l</span> 
     </span>
     <span class='ocr_line' id='line_1_43' title="bbox 179 3569 1227 3634; baseline 0.006 -16"><span class='ocrx_word' id='word_1_394' title='bbox 179 3569 294 3631; x_wconf 86' lang='lat' dir='ltr'>Statilio,</span> <span class='ocrx_word' id='word_1_395' title='bbox 310 3571 375 3619; x_wconf 90' lang='lat' dir='ltr'>item</span> <span class='ocrx_word' id='word_1_396' title='bbox 393 3569 487 3620; x_wconf 90' lang='lat' dir='ltr'>Cassio</span> <span class='ocrx_word' id='word_1_397' title='bbox 499 3571 638 3633; x_wconf 86' lang='lat' dir='ltr'>postulant</span> <span class='ocrx_word' id='word_1_398' title='bbox 650 3572 692 3620; x_wconf 92' lang='lat' dir='ltr'>ius</span> <span class='ocrx_word' id='word_1_399' title='bbox 714 3572 771 3621; x_wconf 88' lang='lat' dir='ltr'>cius</span> <span class='ocrx_word' id='word_1_400' title='bbox 807 3573 894 3634; x_wconf 87' lang='lat' dir='ltr'>primo</span> <span class='ocrx_word' id='word_1_401' title='bbox 934 3574 1090 3623; x_wconf 83' lang='lat' dir='ltr'>cohortatus</span> <span class='ocrx_word' id='word_1_402' title='bbox 1125 3582 1227 3626; x_wconf 88' lang='lat' dir='ltr'>ceteros</span> 
     </span>
     <span class='ocr_line' id='line_1_44' title="bbox 179 3647 1225 3713; baseline 0.007 -19"><span class='ocrx_word' id='word_1_403' title='bbox 179 3647 332 3709; x_wconf 89' lang='lat' dir='ltr'>iurandum,</span> <span class='ocrx_word' id='word_1_404' title='bbox 346 3647 417 3709; x_wconf 88' lang='lat' dir='ltr'>quod</span> <span class='ocrx_word' id='word_1_405' title='bbox 429 3647 568 3711; x_wconf 85' lang='lat' dir='ltr'>signatum</span> <span class='ocrx_word' id='word_1_406' title='bbox 580 3649 614 3698; x_wconf 90' lang='lat' dir='ltr'>ad</span> <span class='ocrx_word' id='word_1_407' title='bbox 626 3649 692 3697; x_wconf 89' lang='lat' dir='ltr'>civis</span> <span class='ocrx_word' id='word_1_408' title='bbox 714 3648 803 3710; x_wconf 86' lang='lat' dir='ltr'>gladio</span> <span class='ocrx_word' id='word_1_409' title='bbox 833 3664 860 3698; x_wconf 91' lang='lat' dir='ltr'>se</span> <span class='ocrx_word' id='word_1_410' title='bbox 885 3663 901 3698; x_wconf 89' lang='lat' dir='ltr'>a</span> <span class='ocrx_word' id='word_1_411' title='bbox 924 3651 1067 3700; x_wconf 88' lang='lat' dir='ltr'>multidine</span> <span class='ocrx_word' id='word_1_412' title='bbox 1095 3651 1225 3713; x_wconf 82' lang='lat' dir='ltr'>defendit,</span> 
     </span>
     <span class='ocr_line' id='line_1_45' title="bbox 178 3723 1225 3790; baseline 0.007 -19"><span class='ocrx_word' id='word_1_413' title='bbox 178 3723 328 3784; x_wconf 84' lang='lat' dir='ltr'>perferant:</span> <span class='ocrx_word' id='word_1_414' title='bbox 350 3724 428 3774; x_wconf 89' lang='lat' dir='ltr'>aliter</span> <span class='ocrx_word' id='word_1_415' title='bbox 450 3725 523 3773; x_wconf 88' lang='lat' dir='ltr'>haud</span> <span class='ocrx_word' id='word_1_416' title='bbox 546 3724 625 3774; x_wconf 81' lang='lat' dir='ltr'>facile</span> <span class='ocrx_word' id='word_1_417' title='bbox 647 3738 692 3774; x_wconf 92' lang='lat' dir='ltr'>eos</span> <span class='ocrx_word' id='word_1_418' title='bbox 714 3725 869 3775; x_wconf 91' lang='lat' dir='ltr'>deindeubi</span> <span class='ocrx_word' id='word_1_419' title='bbox 887 3740 903 3774; x_wconf 92' lang='lat' dir='ltr'>a</span> <span class='ocrx_word' id='word_1_420' title='bbox 921 3727 1015 3790; x_wconf 86' lang='lat' dir='ltr'>legatis</span> <span class='ocrx_word' id='word_1_421' title='bbox 1034 3729 1155 3778; x_wconf 88' lang='lat' dir='ltr'>desertus</span> <span class='ocrx_word' id='word_1_422' title='bbox 1176 3735 1225 3790; x_wconf 87' lang='lat' dir='ltr'>est,</span> 
     </span>
     <span class='ocr_line' id='line_1_46' title="bbox 178 3799 1228 3869; baseline 0.007 -22"><span class='ocrx_word' id='word_1_423' title='bbox 178 3799 212 3848; x_wconf 85' lang='lat' dir='ltr'>ad</span> <span class='ocrx_word' id='word_1_424' title='bbox 224 3803 332 3850; x_wconf 87' lang='lat' dir='ltr'>tanturn</span> <span class='ocrx_word' id='word_1_425' title='bbox 344 3801 483 3864; x_wconf 83' lang='lat' dir='ltr'>negotium</span> <span class='ocrx_word' id='word_1_426' title='bbox 494 3800 595 3864; x_wconf 89' lang='lat' dir='ltr'>impelli</span> <span class='ocrx_word' id='word_1_427' title='bbox 604 3814 690 3864; x_wconf 89' lang='lat' dir='ltr'>posse.</span> <span class='ocrx_word' id='word_1_428' title='bbox 716 3800 801 3850; x_wconf 90' lang='lat' dir='ltr'>multa</span> <span class='ocrx_word' id='word_1_429' title='bbox 812 3801 886 3864; x_wconf 86' lang='lat' dir='ltr'>prius</span> <span class='ocrx_word' id='word_1_430' title='bbox 906 3801 939 3851; x_wconf 91' lang='lat' dir='ltr'>de</span> <span class='ocrx_word' id='word_1_431' title='bbox 956 3803 1043 3854; x_wconf 87' lang='lat' dir='ltr'>salute</span> <span class='ocrx_word' id='word_1_432' title='bbox 1060 3818 1110 3852; x_wconf 91' lang='lat' dir='ltr'>sua</span> <span class='ocrx_word' id='word_1_433' title='bbox 1130 3804 1228 3869; x_wconf 92' lang='lat' dir='ltr'>Pomp-</span> 
     </span>
    </p>
   </div>
   <div class='ocr_carea' id='block_1_3' title="bbox 0 0 1344 4260">
    <p class='ocr_par' dir='ltr' id='par_1_3' title="bbox 0 0 1344 4260">
     <span class='ocr_line' id='line_1_47' title="bbox 0 0 1344 4260; baseline 0 2"><span class='ocrx_word' id='word_1_434' title='bbox 0 0 1344 4260; x_wconf 95' lang='lat' dir='ltr'> </span> 
     </span>
    </p>
   </div>
  </div>
 </body>
</html>
