2678 4260
169 229 233 302 520
523 245 594 300 rao
617 246 647 300 P.
661 218 801 301 -sasr'ro
824 246 965 302 omaro

221 422 347 487 multae
364 416 405 486 de
422 444 474 487 mc
490 443 509 485 a
525 421 708 507 gladiatore
733 424 998 501 sceleratissimo,
1015 421 1058 488 ad
1074 445 1158 510 quas
1175 445 1276 492 nemo

168 537 197 583 ro
218 520 332 586 adibat
348 521 573 606 incorruptus,
591 544 688 586 nemo
712 525 863 610 integer3
890 546 987 589 nemo
1010 524 1108 588 illurn
1133 525 1286 591 foedum·

219 626 355 691 vultum
381 627 538 711 aspicere,
567 648 664 691 nemo
692 627 847 693 furialem
874 650 991 694 vocem
1022 627 1129 694 bonus
1157 629 1274 696 audire

218 738 359 816 poterat.
422 730 528 794 Erant
555 731 631 795 illae
659 726 831 796 contiones
860 733 1067 818 perditorum
1098 734 1275 799 hominum

147 838 205 902 107
217 836 402 902 necessario
427 832 652 900 turbulentae.
700 835 830 901 Habuit
856 836 897 901 de
922 836 1039 902 eodem
1063 859 1115 902 me
1134 837 1171 901 P.
1191 838 1276 902 Len-

219 941 312 1005 tulus
329 941 447 1005 consul
469 940 682 1016 contionem3
706 962 888 1005 concursus
912 950 964 1006 est
987 943 1104 1026 populi
1130 943 1274 1006 Romani

166 1060 194 1104 15
216 1044 338 1121 factus,
355 1067 468 1110 omnes
489 1044 632 1122 ordines,
652 1053 722 1109 tota
746 1047 781 1108 in
806 1046 863 1109 illa
887 1047 1042 1110 contione
1070 1046 1170 1110 ltalia
1199 1068 1276 1111 con-

143 1223 146 1234 ,
217 1150 316 1214 stitit.
373 1150 454 1235 Egit
481 1171 616 1214 causam
649 1171 779 1213 summa
807 1171 883 1213 cum
918 1152 1083 1236 gravitate
1108 1152 1274 1236 copiaque

144 1299 146 1305 ·
218 1250 353 1319 dicendi
370 1261 465 1319 tanto
481 1253 627 1329 silenti0,
645 1260 739 1316 tanta
755 1253 992 1337 adprobatione
1009 1255 1169 1330 omnium,
1188 1254 1274 1317 nihil

144 1376 147 1386 ’·
219 1366 260 1423 ut
272 1379 434 1444 umquam
450 1356 623 1422 videretur
646 1364 714 1420 tarn
738 1359 898 1442 populare
922 1356 965 1420 ad
988 1358 1105 1442 populi
1129 1358 1273 1422 Romani

217 1484 314 1527 aures
342 1461 513 1559 accidisse.
561 1460 752 1526 Productus
781 1470 833 1526 est
859 1462 901 1526 ab
928 1484 966 1526 eo
991 1461 1053 1526 Cn.
1078 1461 1272 1547 Pompeius,

164 1583 194 1629 ao
216 1569 275 1652 qui
291 1589 326 1632 se
344 1589 413 1630 non
428 1567 538 1631 solum
555 1575 833 1639 auctoremmeae
850 1568 979 1643 salutis,
998 1566 1175 1632 sedetiam
1196 1589 1274 1652 sup-

217 1671 341 1756 plicem
372 1670 526 1756 praebuit
557 1671 682 1755 populo
722 1671 882 1735 Romano.
941 1670 1054 1735 Huius
1092 1671 1199 1735 oratio
1234 1679 1274 1736 ut

143 1786 145 1816 ³
214 1795 345 1860 semper
360 1776 474 1862 gravis
489 1781 524 1840 et
539 1783 635 1861 grata
651 1776 685 1837 in
703 1774 916 1838 contionibus
937 1773 1013 1851 fuit,
1030 1776 1078 1839 sic
1103 1774 1272 1840 contendo

215 1901 400 1964 numquam
439 1900 547 1963 neque
578 1880 780 1943 sententiam
811 1880 882 1942 eius
918 1879 1118 1944 auctoritate
1158 1901 1271 1965 neque

144 1987 202 2050 108
214 1985 442 2070 eloquentiam
471 1981 680 2047 iucunditate
705 1980 810 2047 fuisse
842 1984 971 2047 maiore.
1033 1983 1111 2064 Quo
1134 1984 1271 2049 silentio

163 2102 192 2146 25
214 2095 295 2151 sunt
325 2085 433 2150 auditi
467 2085 507 2149 de
540 2107 591 2148 me
628 2086 731 2149 ceteri
770 2085 936 2170 principes
975 2084 1143 2150 civitatis!
1183 2108 1270 2172 quos

213 2191 338 2256 idcirco
355 2190 569 2273 nonappello
586 2189 746 2264 hocloco,
765 2210 805 2253 ne
823 2210 896 2254 mea
915 2191 1030 2265 oratio,
1048 2191 1076 2254 si
1092 2191 1204 2254 minus
1227 2190 1269 2257 de

214 2296 328 2379 aliquo
345 2293 470 2368 dixero,
486 2294 628 2379 ingrata,
645 2293 674 2356 si
695 2293 777 2357 satis
801 2291 842 2358 de
867 2293 1031 2369 omnibus,
1049 2294 1179 2359 infinita
1195 2316 1269 2360 esse

214 2398 378 2463 videatur.
425 2395 517 2461 Cedo
533 2417 623 2461 nunc
639 2395 788 2460 eiusdem
810 2397 902 2461 illius
925 2398 1051 2461 inimici
1075 2398 1140 2462 mei
1157 2397 1198 2462 de
1216 2420 1269 2463 me

215 2502 331 2567 eodem
347 2501 390 2565 ad
406 2523 523 2566 verum
539 2500 703 2585 populum
719 2501 753 2564 in
771 2523 887 2586 eampo
910 2501 1033 2565 Martio
1056 2502 1267 2566 contionem!

161 2621 192 2668 30
215 2606 300 2686 Quis
331 2627 398 2668 non
429 2604 527 2668 modo
557 2603 766 2689 adprobavit,
797 2605 856 2669 sed
890 2627 957 2669 non
994 2606 1268 2691 indignissimum

213 2709 344 2775 facinus
371 2711 506 2794 putavit
532 2709 629 2771 illum
656 2731 724 2773 non
748 2708 855 2774 dicam
882 2710 987 2794 loqui,
1007 2709 1067 2773 sed
1091 2710 1204 2774 vivere
1229 2732 1267 2774 ac

212 2814 360 2899 spirare?
377 2815 454 2899 quis
470 2812 548 2888 luit,
561 2813 620 2897 qui
633 2835 701 2876 non
717 2814 789 2878 eius
803 2836 882 2879 voce
901 2815 1060 2878 maculari
1077 2836 1145 2877 rem
1159 2814 1268 2899 publi-

213 2940 285 2984 cam
297 2940 411 3004 seque‚
425 2919 452 2982 si
466 2939 542 2982 eum
555 2917 696 2994 audiret,
708 2919 831 2983 scelere
845 2919 1009 3005 adstringi
1022 2919 1265 2984 arbitraretur?

243 3061 326 3110 9-11.
357 3060 536 3122 gladiatore,
544 3074 574 3110 as
584 3061 690 3122 in§88.
702 3062 723 3110 1.
780 3062 861 3123 5108.
880 3061 981 3108 27-33.
1015 3061 1127 3122 aliquo,
1148 3062 1217 3112 ‘one
1234 3076 1267 3112 or

211 3136 339 3186 foedum
382 3136 511 3193 vultum,
555 3136 726 3199 ‘passionate
747 3137 932 3197 another,’
970 3138 1084 3199 entirely
1113 3138 1264 3188 indefinite.
1334 3202 1337 3207 Ι

213 3213 308 3263 looks!
346 3213 399 3262 For
411 3212 530 3262 Clodius’
545 3213 622 3262 looks
634 3227 678 3270 see
691 3227 726 3261 on
748 3213 842 3270 Cedo,
867 3213 945 3262 ‘take
968 3214 1048 3274 n0w‚’
1070 3215 1124 3270 i.e.,
1144 3214 1173 3262 in
1192 3228 1267 3264 com-

212 3290 261 3351 Ep.
276 3289 329 3337 ΙΙΙ.
343 3289 390 3338 10.
404 3291 457 3339 141.
747 3291 868 3352 parison:
886 3290 986 3339 sortire
998 3291 1068 3339 form
1081 3304 1124 3339 see
1141 3304 1178 3339 on
1190 3290 1263 3340 Mur.

172 3389 181 3401 ·
243 3364 323 3427 5107.
343 3365 444 3414 15-19.
479 3365 631 3422 constitit,
647 3364 727 3414 ‘took
747 3366 792 3415 26.
804 3367 827 3414 4.
863 3366 1091 3422 continuatam
1112 3367 1145 3415 its
1163 3367 1265 3416 second

211 3442 283 3492 their
290 3442 390 3491 stand)
417 3442 596 3491 Productus
604 3444 660 3498 est,
672 3443 725 3501 ie,
747 3444 888 3505 meaning:
906 3457 949 3492 see
961 3443 1074 3492 onMar.
1090 3442 1135 3491 50.
1148 3443 1171 3491 6.
1198 3455 1265 3492 non

212 3532 266 3569 was
286 3519 389 3568 invited
409 3521 555 3581 tospeak:
580 3532 665 3579 seep.
685 3519 725 3578 62,
748 3518 994 3575 modo...sed,
1017 3533 1046 3567 as
1069 3520 1096 3566 in
1120 3519 1134 3580 ξ
1156 3518 1195 3567 45.
1222 3520 1262 3569 14.

211 3596 224 3656 ἓ
236 3596 275 3645 43.
749 3596 817 3644 (live
829 3596 875 3644 the
888 3595 1012 3654 formula,
1026 3595 1079 3643 and
1096 3595 1185 3643 notice
1203 3595 1266 3643 that

242 3671 287 3728 22,
299 3671 344 3720 23.
362 3684 380 3721 o
389 3684 407 3719 ο
416 3671 575 3729 ntendd,
604 3669 725 3730 ‘assera’
749 3671 770 3718 it
783 3671 804 3719 is
817 3670 941 3720 followed
955 3671 990 3732 by
1002 3671 1037 3718 its
1054 3670 1155 3731 precise
1170 3672 1265 3731 equiv-

212 3748 381 3798 ‘maintain'
428 3759 596 3809 numquam
626 3757 727 3806 neque
748 3745 823 3794 alent
845 3747 1059 3796 condicam..
1080 3747 1161 3795 ‚sed
1196 3758 1265 3796 sce-

211 3859 217 3875 .
235 3860 241 3873 .
258 3860 264 3872 .
281 3837 398 3886 neque:
416 3838 460 3873 see
472 3839 508 3873 on
520 3826 534 3884 ᾗ
546 3825 585 3872 91.
602 3823 638 3871 10.
749 3822 812 3871 lere
824 3822 989 3884 adstringi:
1001 3824 1036 3872 ci.
1051 3823 1116 3872 Sull.
1130 3821 1176 3872 82.
1188 3822 1228 3873 33.
