2678 4260
176 245 240 345 aad
513 236 585 319 iao
608 263 637 319 r.
662 262 784 320 sanni
807 262 959 318 oalrro.

226 444 268 508 de
299 448 406 527 poena
436 443 599 526 queritur,
630 441 689 505 sed
727 442 845 526 legem.
893 440 1072 504 Damnatio
1103 446 1155 504 est
1184 439 1275 504 enim

227 547 386 622 iudicum,
415 567 500 630 qnae
528 545 690 620 manebat,
721 567 827 629 poena
856 545 949 630 legis,
976 566 1061 628 quae
1090 543 1274 608 levabatur.

176 652 305 718 64N01i
333 651 450 737 'igitur
487 651 615 713 animos
655 671 770 713 eorum
809 649 973 724 ordinum,
1015 650 1073 732 qni
1115 654 1276 732 praesunt

176 772 205 816 25
227 755 359 819 indiciis
389 776 520 818 summa
551 776 627 818 curn
658 754 824 839 gravitate
856 761 891 817 ct
922 752 1097 837 dignitate,
1129 753 1274 816 alienare

122 865 131 881 ⁶
227 881 247 923 a
283 881 389 924 causa.
452 859 558 922 Nemo
596 857 796 922 labefactare
836 857 997 920 iudicium
1035 865 1088 921 est
1125 863 1273 931 conatus,

228 964 311 1026 nihil
343 972 395 1028 est
426 964 498 1027 eius
530 963 619 1025 modi
653 963 913 1046 promulgatum,
941 983 1072 1044 semper
1104 960 1274 1024 Caecilius

228 1069 262 1131 in
302 1068 491 1132 calamitate
534 1066 648 1130 fratris
686 1067 737 1129 sui
775 1065 925 1129 indicum
961 1072 1164 1148 potestatem
1205 1085 1275 1149 per-

227 1172 442 1257 petuandam,
482 1172 566 1257 legis
608 1170 822 1234 acerbitatem
869 1169 1087 1255 mitigandam
1130 1169 1273 1252 putavit.

228 1294 336 1341 xxiii.
369 1277 434 1341 Sed
451 1276 534 1361 quid
551 1299 612 1362 ego
629 1276 669 1339 de
687 1276 749 1338 hoc
766 1276 863 1359 plura
880 1275 1074 1359 disputem?
1120 1274 1274 1340 Dicerem

228 1381 380 1457 fortasse,
404 1389 439 1445 et
460 1380 559 1444 facile
587 1388 622 1444 et
645 1381 789 1444 libenter
814 1379 967 1453 dicerem,
993 1381 1022 1442 si
1050 1379 1150 1463 paulo
1174 1380 1274 1469 etiam

228 1486 372 1572 longius
390 1507 489 1570 quam
514 1485 589 1548 finis
617 1484 775 1548 cotidiani
802 1482 901 1547 officii
930 1483 1090 1567 postulat,
1108 1482 1145 1546 L.
1164 1482 1275 1547 Caeci·

227 1592 311 1654 lium
338 1591 443 1675 pietas
471 1599 506 1653 et
531 1588 697 1652 fraternus
722 1609 813 1651 amor
836 1588 1046 1671 propulisset,
1064 1587 1273 1671 implorarem

191 1713 345 1760 csensus
377 1704 515 1770 vestros,
540 1695 641 1757 unius
673 1693 836 1776 cuiusque
868 1692 1115 1778 indulgentiam
1136 1692 1173 1754 in
1196 1713 1273 1756 suos

228 1808 377 1876 testarer,
402 1809 550 1885 peterem
579 1799 710 1863 veniam
735 1805 844 1862 errato
870 1797 907 1860 L.
926 1797 1049 1860 Caecili
1078 1797 1273 1862 ex‘intimis

228 1906 348 1976 vestris
373 1903 633 1990 cogitationibus
659 1911 761 1987 atque
789 1924 831 1966 ex
859 1901 1067 1965 humanitate
1095 1902 1272 1965 communi.

178 2012 215 2076 65
229 2009 299 2074 Lex
316 2009 388 2073 dies
405 2008 472 2071 fuit
487 2008 658 2092 proposita
681 2027 815 2090 paucos,
833 2005 912 2070 ferri
937 2013 1055 2089 coepta
1078 2027 1271 2090 numquam,
1290 2062 1296 2078 ,

228 2114 379 2199 deposita
409 2121 461 2177 est
491 2114 524 2174 in
556 2121 685 2176 senatu.
748 2111 910 2175 Kalendis
943 2111 1108 2174 Ianuariis
1139 2132 1216 2174 cum
1238 2111 1272 2173 in

178 2234 206 2280 10
229 2218 432 2304 Capitolium
472 2239 532 2281 nos
571 2226 725 2280 senatum
768 2237 1054 2291 convocassemus,
1094 2215 1179 2279 nihil
1216 2223 1273 2280 'est

259 2435 323 2498 §64
343 2433 443 2483 24-27.
471 2432 548 2482 Noli
571 2469 576 2480 .
603 2469 608 2480 .
634 2469 639 2480 .
666 2432 737 2480 alie·
790 2433 835 2481 10.
867 2433 899 2481 in
928 2432 1131 2495 capitolium:
1165 2447 1210 2483 see
1237 2447 1271 2482 cn

227 2525 313 2562 nare:
331 2527 373 2561 see
386 2509 497 2566 ouili.
512 2513 551 2559 21.
587 2509 737 2566 ordinum,
760 2507 808 2557 IV.
833 2507 879 2556 18.
904 2509 941 2557 10.
977 2508 1035 2557 The
1058 2509 1222 2558 ceremonias
1244 2509 1272 2557 oi

227 2589 392 2638 iromwhich
404 2589 449 2636 the
462 2589 549 2650 jurors
559 2602 603 2636 are
613 2587 736 2646 selected,
760 2586 950 2648 inauguration
978 2599 1047 2635 were
1074 2599 1138 2648 very
1165 2585 1268 2648 simple.

227 2667 292 2714 Exc.
318 2666 355 2714 ll.
374 2662 387 2719 i
404 2666 427 2713 6.
463 2663 667 2712 labefactare:
696 2664 738 2711 ior
760 2663 817 2710 The
846 2663 961 2721 consuls,
985 2662 1114 2723 preceded
1143 2663 1178 2724 by
1202 2663 1271 2712 their

226 2739 299 2790 form
321 2755 367 2792 see
391 2755 429 2792 on
452 2739 491 2790 II.
515 2737 567 2787 16¹.
588 2738 629 2790 27.
671 2739 738 2787 eius
759 2739 849 2788 lictors
860 2738 913 2787 and
926 2738 1117 2801 accompanied
1129 2739 1164 2802 by
1176 2740 1270 2801 priests

227 2815 325 2866 modi:
343 2817 386 2865 ior
397 2830 457 2865 case
470 2817 504 2865 ci.
520 2815 583 2872 §60.
597 2817 621 2867 3.
759 2817 811 2864 and
835 2816 936 2878 people,
962 2816 1088 2865 rnarched
1115 2816 1144 2864 in
1168 2815 1270 2866 solemn

385 2934 387 2938 .
607 2882 608 2886 ¹
759 2893 912 2954 processioa
930 2898 958 2943 ιο
976 2893 1021 2941 the
1042 2892 1195 2955 Capitoline
1212 2892 1268 2951 hill,

258 2970 285 3018 1.
310 2969 377 3026 hoc,
401 2983 481 3018 masc.
509 2970 587 3032 gend.
634 2969 737 3031 dispu-
761 2969 1268 3029 wherewhitesteersweresacrificed,

227 3049 303 3095 tem:
322 3047 431 3108 explain
444 3047 491 3095 the
504 3047 592 3095 mood.
759 3046 812 3094 and
824 3061 931 3108 prayers
943 3046 1044 3096 offered
1056 3047 1099 3096 ior
1107 3047 1156 3095 the
1165 3047 1269 3096 Roman

259 3124 330 3184 §tia
350 3122 414 3179 8,9.
432 3122 491 3171 fuit
508 3123 683 3183 proposita:
701 3123 735 3171 cf.
759 3123 861 3184 people.
908 3124 967 3172 The
996 3128 1090 3172 senate
1117 3137 1171 3173 was
1205 3124 1269 3174 theu

228 3200 287 3261 §dh
299 3201 336 3249 19.
361 3198 433 3248 ferri
442 3201 555 3260 coepta
564 3212 737 3260 numquam,
760 3199 842 3249 called
856 3201 914 3248 into
926 3200 972 3248 the
989 3199 1088 3261 temple
1105 3200 1135 3249 oi
1152 3200 1268 3263 Jupiter,

229 3277 265 3326 ‘it
274 3291 356 3326 never
365 3277 450 3339 began
458 3282 486 3324 to
495 3277 526 3325 be
534 3281 583 3338 put
592 3277 736 3338 through3'
760 3277 812 3324 and
830 3277 876 3325 the
894 3277 951 3326 first
973 3277 1096 3325 business
1115 3277 1269 3326 transacted

227 3355 273 3402 the
292 3354 388 3416 phrase
398 3353 476 3412 serre
492 3353 584 3413 lenem,
604 3352 647 3401 ‘to
663 3360 707 3415 get
723 3367 739 3400 a
760 3352 858 3414 always
877 3353 976 3402 related
995 3359 1022 3401 ιο
1040 3352 1130 3414 public
1144 3353 1270 3417 religIous

226 3429 277 3479 law
285 3430 398 3492 passed,'
410 3431 431 3478 is
439 3431 502 3478 used
512 3431 540 3479 oi
549 3431 593 3478 the
602 3445 735 3491 proposer.
760 3430 831 3478 rites.
857 3431 937 3479 Alter
946 3430 1011 3478 such
1022 3430 1100 3479 other
1108 3429 1233 3479 business
1242 3444 1270 3478 as

227 3507 278 3556 For
291 3507 336 3555 the
348 3509 454 3568 passive
467 3511 561 3567 coeptu
576 3506 638 3567 (est)
652 3520 694 3555 see
703 3508 735 3554 A.
760 3520 813 3554 uas
826 3506 981 3555 introduced
994 3506 1048 3554 had
1065 3506 1132 3554 been
1146 3506 1268 3564 flnished,

228 3585 273 3632 143
282 3598 318 3645 u,·
331 3584 363 3631 G.
374 3584 420 3631 isi
434 3584 508 3631 Rem.
523 3584 595 3643 1;H.
607 3584 653 3634 297
667 3587 692 3643 1;
706 3584 735 3631 Ρ.
760 3583 805 3630 the
823 3584 975 3644 processioa
995 3597 1050 3631 was
1067 3582 1200 3632 reformed
1217 3583 1269 3632 and

226 3661 273 3710 249
296 3658 334 3722 (3)
359 3674 384 3709 α.
420 3658 565 3720 deposita
589 3663 644 3715 esa
669 3660 737 3708 ‘laid
760 3660 904 3720 proceeded
928 3666 956 3709 ιο
979 3660 1026 3708 the
1048 3660 1145 3709 iorum.
1187 3659 1270 3714 nibil.

226 3737 317 3786 aside’
353 3735 506 3784 Kalendis
526 3736 678 3783 Ianuariis
697 3737 736 3796 63,
760 3737 813 3795 i.e.‚
825 3736 853 3784 of
862 3737 986 3798 ordinary
996 3737 1130 3798 busineas3
1144 3736 1270 3800 religione

226 3813 273 3863 the
282 3813 338 3863 first
347 3813 399 3875 day
406 3813 436 3862 oi
444 3811 734 3875 Cicero’scousulsbip.
759 3811 880 3861 business
898 3812 998 3875 always
1015 3813 1080 3862 took
1097 3813 1268 3875 precedenca.
