2678 4260
418 268 497 320 our.
522 271 610 331 aare,
635 271 649 332 s
672 271 759 322 coca.
1091 256 1153 324 591

56 438 242 506 sedetiam
265 442 399 506 senatui
423 442 598 518 commisit,
623 464 731 526 neque
755 445 888 508 senatui
911 441 1019 521 modo,
1043 443 1104 508 sed

56 546 159 610 etiam
190 545 333 630 publicis
360 545 533 630 praesidiis
564 554 599 609 et
621 549 729 622 armis,
754 550 863 631 ireque
888 548 938 612 his
962 556 1104 623 tantum,
1129 565 1157 610 10

58 671 175 713 verum
206 650 307 713 etiam
338 651 410 714 eius
441 652 610 734 potestati,
643 651 696 714 cui
728 661 864 715 senatus
896 659 1000 716 totam
1034 675 1102 716 rem

57 751 235 835 publicam,
265 773 396 815 omnem
427 752 544 816 ltaliae
576 753 706 836 pubem,
739 761 861 817 cuncta
892 755 1008 838 populi
1041 756 1104 819 Ro·

57 857 147 918 mani
164 877 254 919 arma
277 857 507 931 commiserat3
532 858 587 919 cui
612 879 793 941 numquam
817 880 852 921 se
876 857 929 920 hic
952 858 1103 942 proiecto

57 958 261 1035 tradidisset,
273 960 338 1023 nisi
354 981 472 1024 causae
485 982 564 1023 suae
579 961 770 1036 confideret,
785 963 979 1044 praesertim
992 964 1103 1027 omnia

56 1064 219 1139 audienti,
244 1085 364 1149 magna
389 1066 562 1139 metuenti,
581 1064 687 1127 multa
709 1067 903 1149 suspicanti,
921 1088 987 1129 non
1011 1068 1105 1131 nulla
1129 1083 1157 1128 15

57 1167 217 1232 credenti.
264 1167 389 1254 Magna
403 1169 452 1232 vis
470 1177 521 1232 est
537 1170 768 1244 conscientiae,
784 1170 919 1243 iudices,
933 1178 967 1233 et
983 1192 1103 1255 magna

56 1272 92 1334 in
110 1262 285 1355 utramque
309 1279 446 1356 partem,
466 1280 505 1334 ut
529 1294 635 1355 neque
661 1273 810 1347 timeant,
829 1274 887 1357 qui
911 1272 995 1336 nihil
1019 1296 1104 1337 com·

57 1375 220 1451 miserint,
238 1383 272 1439 et
287 1397 427 1459 poenam
443 1397 573 1457 semper
589 1383 665 1438 ante
691 1377 804 1439 oculos
823 1378 945 1440 versari
970 1386 1101 1461 putent,

57 1480 117 1563 qui
149 1480 328 1562 peccarint.
375 1479 492 1562 Neque
526 1501 604 1542 vero
636 1481 707 1542 sine
741 1480 866 1542 ratione
891 1488 980 1544 certa
1008 1484 1157 1546 causa62

57 1581 195 1646 Milonis
212 1603 343 1666 semper
357 1604 376 1645 a
392 1590 512 1646 senatu
529 1582 665 1665 probata
683 1590 742 1645 est.
794 1581 962 1646 Videbant
977 1586 1105 1668 sapien·
1127 1595 1157 1640 20

56 1686 178 1750 tissimi
200 1685 349 1750 homines
372 1685 454 1749 facti
477 1686 647 1759 rationem,
673 1687 892 1768 praesentiam
916 1688 1026 1762 animi,
1051 1687 1105 1752 de·

57 1790 218 1854 tensionis
250 1790 481 1854 constantiam.
529 1788 584 1851 An
615 1811 693 1852 vero
722 1789 817 1853 obliti
846 1791 936 1864 estis,
965 1789 1102 1865 iudices

56 1894 183 1958 recenti
197 1893 256 1956 illo
269 1894 387 1957 nuntio
402 1893 490 1957 necis
505 1892 686 1956 Clodianae
705 1915 770 1955 non
783 1892 881 1957 modo
894 1894 1102 1958 inimicorum

57 1998 195 2061 Milonis
211 2018 379 2062 sermones
396 2004 430 2060 et
446 1997 629 2081 opiniones,
646 1996 705 2060 sed
722 2019 787 2059 non
808 1998 979 2060 nullorum
1004 2001 1103 2061 etiam
1127 2021 1156 2065 24

56 2101 311 2187 imperitorum?
356 2100 534 2186 Negabant
556 2122 633 2164 eum
652 2101 788 2164 Romam
813 2122 884 2164 esse
911 2100 1157 2167 rediturum6³

56 2205 136 2272 Sive
174 2206 264 2271 enim
293 2205 380 2279 illud
410 2205 520 2268 animo
552 2205 702 2267 iratoao
734 2205 859 2287 percito
891 2205 1034 2276 iecisset,
1067 2214 1105 2268 ut

55 2313 213 2376 incensus
238 2309 315 2374 odio
343 2308 526 2373 trucidaret
551 2309 731 2381 inimicum,
757 2307 1005 2371 arbitrabantur
1028 2331 1104 2372 eum

56 2416 144 2481 tanti
166 2422 307 2479 mortem
330 2413 367 2476 P.
387 2412 484 2477 Clodi
508 2420 711 2497 putassent
733 2433 840 2496 aequo
865 2413 974 2475 animo
998 2416 1104 2496 patria

56 2526 193 2594 careret,
215 2539 292 2581 cum
316 2517 479 2602 sanguine
505 2516 629 2578 inimici
656 2516 825 2598 explesset
848 2515 962 2578 odium
985 2538 1102 2588 suurn;

55 2624 127 2688 sive
151 2623 252 2687 etiam
276 2621 368 2685 illius
392 2627 496 2684 morte
521 2621 662 2704 patriam
685 2618 823 2682 liberare
849 2621 1020 2691 voluisset,
1039 2642 1103 2682 non
1127 2639 1157 2684 ao

55 2727 289 2791 dubitaturum
322 2725 443 2788 fortem
476 2725 596 2799 virum,
628 2725 720 2806 quin,
755 2745 833 2786 cum
863 2744 924 2786 suo
956 2725 1104 2806 periculo

55 2832 200 2895 salutem
242 2830 367 2914 populo
411 2829 560 2892 Romano
603 2827 782 2900 attulisset,
823 2825 955 2890 cederet
994 2848 1102 2910 aequo

55 2936 168 2998 animo
197 2932 339 3019 legibus,
363 2954 477 2997 secum
507 2929 655 2994 auferret
685 2930 826 3016 gloriam
857 2931 1103 3021 sempiternam.

56 3039 151 3103 vobis
182 3037 262 3101 haec
290 3035 432 3100 fruenda
462 3036 678 3118 relinqueret,
704 3055 789 3118 quae
820 3035 891 3117 ipse
928 3047 1102 3099 servasset.

55 3185 87 3234 lo
116 3183 281 3240 commisit,
306 3183 360 3242 i.e.,
391 3188 462 3231 went
486 3182 569 3231 about
627 3180 692 3241 §aa
711 3178 812 3228 26-34.
836 3179 915 3229 illud
926 3179 1063 3237 fecisset,
1072 3185 1107 3229 ut

56 3275 158 3322 among
180 3261 268 3308 them:
291 3259 325 3308 cf.
351 3259 419 3308 Sest.
441 3257 508 3306 116.
528 3258 567 3307 26.
593 3255 843 3314 ...trucidaret
856 3271 872 3305 a
884 3270 956 3305 mere
968 3255 1107 3318 periphra-

56 3335 221 3400 praesidils
230 3339 263 3385 et
270 3333 569 3396 armis:figure?eius,
594 3334 630 3382 sis
642 3333 684 3382 tor
697 3333 769 3381 what
781 3347 832 3383 one
846 3334 940 3382 word?
973 3345 1037 3382 non
1052 3333 1107 3383 du·

57 3414 215 3474 Pompeius:
233 3426 275 3461 see
288 3426 314 3473 p.
329 3411 369 3471 49,
383 3409 396 3467 i
408 3410 441 3459 90
451 3409 485 3458 ad
498 3409 557 3458 init.
594 3407 773 3465 bitaturum,
783 3408 858 3470 quin
870 3408 1004 3466 cederet,
1014 3423 1066 3458 one
1077 3411 1107 3460 of

89 3490 156 3548 562.
191 3487 291 3536 21-25.
316 3486 393 3535 lacti
410 3485 570 3541 rationem,
595 3486 641 3534 the
664 3499 721 3534 rare
744 3486 900 3547 exceptione
923 3491 951 3535 to
974 3486 1021 3534 the
1049 3487 1105 3536 rute

56 3581 86 3616 as
98 3568 124 3615 in
136 3567 203 3616 Sest.
215 3564 260 3613 ³6.
270 3566 293 3613 2.
328 3575 392 3612 non
404 3562 500 3611 modo
518 3596 523 3610 .
541 3597 570 3609 ..
594 3562 674 3623 given
693 3576 728 3609 on
744 3562 765 3611 Ι.
786 3561 831 3609 17.
850 3560 940 3623 20(cf.
960 3563 975 3623 ἓ
992 3563 1032 3610 44.
1051 3562 1104 3624 35),

56 3644 128 3693 sed:
146 3645 206 3705 give
225 3643 272 3690 the
290 3639 415 3689 formula.
450 3638 571 3700 imperi·
595 3638 639 3685 for
669 3638 795 3687 dubitare
811 3661 836 3685 =
852 3637 1006 3688 ‘hesitate'
1053 3638 1106 3688 For

57 3725 168 3776 torum,
183 3719 277 3767 ‘those
290 3717 352 3767 who
367 3716 413 3766 did
425 3720 473 3768 not
490 3715 571 3763 know
596 3713 710 3762 another
719 3714 753 3762 of.
764 3713 839 3762 Caes.
852 3712 888 3764 ΙΙ.
898 3714 954 3763 25.
982 3713 1105 3772 haema

53 3796 113 3855 iliis
125 3792 295 3855 characteri)
595 3790 625 3840 iu
631 3788 696 3840 Sull.
707 3788 752 3841 76.
762 3788 1102 3855 33;1V.16.12;1.21.42.
