2678 4260
183 218 247 290 554
447 231 519 288 rao
542 233 572 288 r.
598 232 718 290 mmo
742 233 886 290 uriom
908 233 1056 291 caino.

237 433 298 475 sua
314 411 539 496 perturbetur,
557 435 609 477 me
626 412 667 475 ad
685 413 756 476 eius
773 435 906 477 causam
930 435 1044 499 parem
1068 413 1171 476 animi
1198 435 1284 499 mag·

196 516 422 579 snitudinem
447 514 566 581 afferre
592 539 659 579 non
689 539 797 600 posse,
818 524 931 581 tamen
955 517 1037 581 haec
1064 518 1145 582 novi
1167 517 1282 581 iudicii

237 641 323 683 nova
351 619 456 682 fornia
482 627 585 684 terret
612 621 736 694 oculos,
755 622 814 705 qui
838 643 1051 706 quocumque
1079 620 1282 695 inciderunt,

236 723 514 788 consuetudinem
547 724 610 787 fori
642 734 677 789 et
708 725 888 808 pristinum
924 747 1048 790 morem
1080 724 1283 788 iudiciorum

202 829 420 912 2requirunt.
468 827 544 889 Non
570 829 658 892 enim
685 850 806 892 corona
832 851 1008 894 consessus
1025 836 1137 893 vester
1152 830 1282 892 cinctus

235 939 297 1006 est,
322 939 361 994 ut
385 930 523 1005 solebat,
548 954 614 995 non
638 933 763 996 usitata
794 932 988 1017 frequentia
1012 933 1128 1016 stipati
1155 953 1281 1006 sumus,

182 1052 207 1096 10
231 1058 296 1098 non
321 1036 379 1098 illa
403 1035 578 1120 praesidia,
597 1058 683 1120 quae
710 1058 769 1121 pro
797 1037 930 1120 templis
956 1036 1109 1100 omnibus
1135 1036 1282 1110 cernitis

234 1140 297 1204 etsi
328 1146 444 1203 contra
477 1140 544 1203 vim
575 1140 739 1205 collocata
769 1148 861 1216 sunt,
894 1162 961 1208 non
992 1138 1141 1204 afferunt
1171 1146 1282 1203 tamen

235 1239 369 1324 aliquid,
402 1249 439 1303 ut
472 1239 509 1300 in
546 1238 619 1302 foro
655 1249 688 1302 ct
723 1240 757 1301 in
795 1240 925 1323 iudicio,
958 1260 1159 1325 quamquam
1188 1257 1279 1324 prae·

231 1341 324 1406 sidiis
356 1339 558 1405 salutaribus
587 1348 622 1404 et
652 1342 845 1405 necessariis
873 1343 979 1426 saepti
1010 1362 1137 1416 sumus,
1170 1347 1281 1405 tamen

234 1468 275 1510 ne
308 1467 373 1507 non
406 1446 521 1508 timere
555 1444 691 1529 quidem
719 1446 790 1509 sinc
819 1446 932 1530 aliquo
959 1446 1076 1509 timore
1104 1445 1278 1529 possimus

181 1567 208 1610 15
232 1549 327 1629 Quae
359 1551 385 1612 si
419 1549 571 1633 opposita
603 1548 724 1612 Miloni
757 1558 920 1632 putarem,
946 1548 1096 1613 cederem
1128 1550 1281 1634 tempori,

232 1654 370 1728 iudices
396 1675 456 1716 neo
488 1654 575 1716 inter
607 1660 735 1716 tantam
760 1653 830 1716 vim
861 1675 1028 1716 armorum
1053 1654 1281 1717 existimarem

232 1779 302 1821 esse
335 1757 476 1819 orationi
507 1757 628 1819 locum.
677 1756 744 1820 Sed
774 1779 826 1821 me
858 1765 986 1821 recreat
1015 1764 1050 1821 et
1079 1755 1188 1821 reficit
1220 1756 1280 1820 Cn.

235 1862 384 1946 Pompei,
402 1861 639 1945 sapientissimi
664 1869 698 1925 et
725 1861 900 1925 iustissimi
924 1863 998 1937 viri,
1016 1862 1206 1936 consilium,
1225 1863 1281 1945 qui

234 1966 384 2051 proiecto
410 1988 470 2029 nec
498 1967 646 2030 iustitiae
671 1987 751 2030 suae
782 1973 919 2049 putaret
949 1989 1032 2043 esse,
1059 1989 1160 2052 quern
1188 1991 1279 2033 reum

178 2087 208 2131 eo
229 2071 406 2135 sententiis
438 2070 587 2133 iudicum
621 2069 821 2146 tradidisset,
850 2071 994 2135 eundem
1026 2072 1102 2135 telis
1135 2073 1279 2135 militum

231 2175 352 2239 dedere
381 2196 441 2238 nec
470 2175 652 2257 sapientiae
675 2174 900 2238 temeritatem
925 2176 1109 2239 concitatae
1130 2176 1281 2240 multitu·

200 2280 319 2344 3dinis
350 2281 549 2343 auctoritate
576 2279 710 2363 publica
736 2301 869 2343 armare.
920 2279 1030 2358 Quam
1059 2278 1195 2343 obrem
1224 2281 1281 2343 illa

229 2453 276 2500 the
288 2451 358 2512 trial,
372 2452 420 2500 but
441 2452 463 2500 is
484 2452 621 2500 reassured
644 2449 685 2511 (a)
706 2451 741 2515 by
767 2452 881 2500 omitted
918 2453 947 2500 in
988 2451 1159 2502 translation.
1224 2465 1280 2515 pro

228 2529 275 2576 the
288 2529 398 2577 wisdom
416 2528 468 2576 and
483 2529 599 2577 fairness
617 2528 646 2576 oi
663 2528 741 2575 Pom·
765 2527 899 2588 templis.
929 2528 973 2575 ‘in
1003 2528 1078 2575 frent
1114 2527 1161 2576 of.'
1224 2529 1280 2577 'l'he

229 2605 314 2667 peius,
341 2604 378 2666 (h)
402 2605 436 2666 by
459 2605 507 2652 the
531 2604 587 2653 fact
610 2605 671 2652 that
695 2604 741 2651 the
767 2603 880 2664 temples
904 2604 1087 2665 surrounding
1114 2604 1161 2653 the
1191 2604 1279 2655 iorum

229 2686 320 2742 troops
332 2695 376 2729 are
396 2680 534 2741 intended,
549 2687 597 2729 not
619 2685 647 2728 to
668 2695 742 2728 over·
768 2691 835 2726 uere
857 2678 923 2727 used
948 2693 977 2727 as
999 2678 1171 2740 strongholds
1187 2679 1279 2742 hythe

229 2770 285 2805 awe
302 2756 350 2804 hut
367 2760 396 2805 to
409 2756 573 2817 protectthe
586 2760 672 2813 court,
687 2755 740 2803 and
766 2754 866 2815 roughs
888 2753 934 2813 (cf.
958 2753 1027 2803 Sest.
1051 2753 1097 2801 34.
1120 2755 1148 2802 ll
1171 2755 1204 2815 f),
1227 2755 1279 2804 and

230 2831 268 2893 (c)
287 2832 320 2893 hy
338 2831 384 2879 the
402 2831 457 2879 fact
474 2832 536 2879 that
555 2832 599 2879 the
618 2830 741 2879 listeners
765 2829 912 2891 Pompeius
920 2830 973 2878 had
985 2830 1194 2891 wiselyseoured
1203 2833 1279 2881 them

228 2922 273 2956 are
286 2922 320 2957 on
334 2908 377 2956 his
391 2906 431 2968 (=
446 2905 548 2969 Miio's)
562 2908 627 2956 side.
766 2905 794 2953 in
814 2907 943 2955 advance.
980 2905 1106 2966 aliquid,
1128 2906 1219 2956 ‘some
1235 2922 1280 2970 ap

262 2986 307 3044 51.
321 2982 383 3031 1-6.
395 2983 575 3039 fortissimo,
584 2983 741 3044 notmereiy
766 2981 948 3042 prehension!
984 2994 1049 3030 non
1080 2982 1197 3040 timere,
1231 2983 1279 3033 ‘he

229 3058 452 3120 eompiimentary
477 3057 534 3115 (see
558 3072 594 3106 on
620 3057 669 3106 IV.
694 3056 740 3104 13.
766 3057 904 3107 ieariess:'
920 3059 948 3107 in
962 3059 1124 3108 connection
1138 3059 1204 3108 with
1222 3062 1280 3110 aine

229 3131 281 3194 41),
304 3134 352 3182 hut
381 3134 409 3181 in
433 3132 569 3181 reference
599 3138 628 3181 to
651 3132 741 3181 Miio’s
767 3134 978 3195 aliquotimore,
997 3136 1075 3183 these
1095 3135 1182 3184 words
1200 3138 1280 3185 make

229 3209 368 3258 dauntless
390 3208 545 3270 opposition
570 3214 597 3256 to
620 3208 738 3257 Clodius.
766 3224 801 3257 an
829 3225 987 3272 oxymoron.
1051 3210 1138 3269 Quae
1156 3247 1162 3260 .
1180 3247 1186 3259 .
1202 3248 1208 3259 .
1226 3226 1280 3274 pu·

230 3285 334 3334 dicere
344 3285 463 3347 depende
471 3298 544 3345 upon
553 3285 738 3344 incipientem,
765 3286 871 3333 tarem.
914 3285 1006 3335 Cicero
1042 3285 1122 3334 knew
1150 3287 1211 3334 that
1245 3285 1280 3335 all

229 3360 310 3410 while
321 3361 430 3409 timere
444 3361 466 3409 is
478 3361 547 3422 subJ.
560 3361 589 3408 ci
601 3362 741 3409 sit:wiiat
765 3362 812 3409 tire
840 3367 1042 3423 arrangements
1071 3362 1114 3410 for
1142 3363 1190 3412 tire
1219 3362 1280 3412 trial

229 3438 293 3487 does
319 3437 521 3499 incipientem
549 3451 626 3500 agree
652 3438 740 3486 with?
765 3437 819 3486 had
847 3439 915 3487 been
949 3439 1027 3487 made
1063 3439 1097 3500 by
1134 3439 1281 3501 Pompeius

229 3513 306 3562 novi
323 3547 328 3560 .
346 3548 351 3559 .
369 3549 374 3560 .
391 3513 503 3562 forma:
522 3513 657 3575 scepei),
672 3514 737 3573 §90-
765 3519 794 3562 to
811 3514 902 3562 insuro
919 3515 966 3563 the
983 3515 1136 3563 conviction
1155 3515 1185 3563 of
1202 3515 1278 3577 Milo,

262 3591 319 3650 Η.
338 3589 439 3638 10-15.
456 3602 520 3638 non
537 3589 591 3638 illa
607 3625 613 3636 .
630 3625 636 3637 .
654 3626 658 3636 .
677 3602 740 3638 non
765 3590 814 3638 hut
832 3591 853 3638 it
870 3604 924 3638 was
941 3591 984 3639 his
1002 3591 1125 3639 business
1147 3595 1177 3640 to
1199 3592 1280 3640 make

230 3665 380 3715 afferunt:
397 3666 658 3728 thetwonegatives
676 3681 741 3715 neu·
765 3666 811 3715 the
833 3666 895 3728 J'ury
917 3666 999 3715 think
1022 3667 1175 3730 otherwise,
1201 3668 1224 3717 if
1246 3668 1281 3719 he

230 3741 324 3794 tralize
348 3743 415 3792 each
436 3743 522 3804 other,
546 3743 600 3791 and
624 3755 685 3804 may
708 3743 741 3792 be
764 3742 852 3792 could.
