2678 4260
191 234 263 305 ‘234
475 243 616 302 carno
639 240 679 302 ru
703 239 914 301 cerumar
938 238 1084 300 randis.

250 425 386 497 colonis,
404 446 488 508 quos
506 422 665 487 Faesulas
683 422 720 484 L.
739 421 834 486 Sulla
850 420 1003 513 deduxit,
1021 421 1055 484 in
1075 420 1117 500 Q.
1141 419 1296 488 Annium

251 529 437 604 Chilonem,
455 529 512 612 qui
532 548 689 591 unacum
715 526 776 590 hoc
802 525 905 589 Furio
927 547 1057 610 semper
1080 533 1152 592 erat
1173 526 1211 591 in
1233 526 1295 593 hac

250 631 472 717 Allobrogum
500 631 736 695 sollicitatione
760 637 924 707 versatus,
952 631 986 693 in
1012 629 1050 692 P.
1075 629 1294 708 Umbrenum,

197 754 225 798 ‘a
247 737 441 802 libertinum
459 736 636 812 hominem,
650 757 669 798 a
685 757 753 819 qno
769 735 913 820 primum
927 734 1045 798 Gallos
1057 733 1099 798 ad
1113 735 1294 802 Gabinium

249 849 429 936 perductos
442 870 513 913 esse
526 847 709 913 constabat.
756 849 872 932 Atque
886 869 925 912 ea
936 848 1074 912 lenitate
1090 857 1227 914 senatus
1243 858 1296 915 est

250 976 341 1030 usus,
359 953 520 1032 Quirites,
545 960 585 1016 ut
607 975 649 1016 ex
674 959 768 1016 tanta
791 953 1020 1017 coniuratione
1048 960 1210 1039 tantaque
1233 955 1294 1019 hac

141 1087 145 1096 ·
250 1056 467 1122 multitudine
498 1055 757 1122 domesticorum
788 1056 936 1121 hostium
966 1078 1086 1122 novem
1120 1058 1294 1123 hominum

249 1163 548 1248 perditissimorum
562 1183 669 1246 poena
682 1184 716 1227 re
730 1161 865 1247 publica
877 1170 1072 1228 conservata
1087 1163 1293 1248 reliquorum

198 1272 375 1334 limentes
406 1268 515 1331 sanari
547 1288 642 1351 posse
671 1265 898 1331 arbitraretur.
945 1266 1063 1352 Atque
1090 1269 1192 1332 etiarn
1218 1290 1296 1354 sup-

197 1389 223 1433 31
247 1373 383 1458 plicatio
406 1371 458 1436 dis
482 1371 715 1436 inmortalibus
744 1393 804 1456 pro
835 1371 999 1458 singulari
1029 1394 1144 1437 eorum
1175 1375 1294 1439 merito

249 1499 323 1542 meo
339 1477 472 1540 nomine
489 1475 622 1539 decreta
643 1483 703 1552 est,
722 1475 813 1560 quod
837 1476 917 1540 mihi
941 1477 1085 1563 primum
1110 1485 1187 1562 post
1209 1478 1294 1542 hanc

249 1580 364 1645 urbem
374 1579 543 1645 conditam
556 1587 671 1666 togato
685 1581 837 1667 contigit,
847 1589 881 1646 et
892 1570 944 1646 his
961 1581 1095 1646 decreta
1111 1582 1220 1646 verbis
1233 1591 1294 1660 est,

250 1685 389 1771 ‘quod
420 1684 570 1749 urbem
602 1683 1008 1761 incendiis,oaede
1038 1686 1295 1762 civis‚ltal·

196 1790 472 1855 ssiambello
497 1788 806 1854 liberassem.'
854 1789 1294 1876 Quaesupplicatiosicum

248 1895 366 1960 ceteris
389 1894 691 1979 supplicationibus
715 1893 918 1970 conferatur,
944 1895 1006 1959 hoc
1031 1896 1180 1971 interest,
1202 1896 1291 1980 quod

247 2007 377 2064 ceterae
408 1998 490 2063 beno
522 2006 626 2084 gesta,
658 1999 738 2063 haec
770 2020 838 2062 una
870 2007 1065 2064 conservata
1096 2022 1130 2065 re
1161 2000 1323 2084 publica.

247 2105 433 2169 constituta
456 2111 516 2168 est.
564 2102 681 2187 Atque
697 2102 792 2179 illud,
811 2103 903 2188 quod
927 2102 1123 2168 faciundum
1147 2105 1294 2188 primum

250 2207 465 2285 iuit‚faetum
482 2215 582 2292 atque
608 2215 813 2271 transactum
838 2214 898 2272 est.
945 2208 1030 2271 Nam
1054 2208 1094 2271 P.
1114 2207 1292 2285 Lentulus

277 2421 377 2469 27-29.
396 2421 670 2471 coniurationewi.
684 2421 759 2471 hucu-
781 2420 852 2472 Mur,
880 2423 924 2470 75.
953 2424 976 2472 6.
1014 2422 1089 2472 mihi
1105 2458 1111 2470 .
1129 2459 1134 2471 .
1152 2459 1158 2469 .
1176 2427 1292 2486 togato.

244 2499 297 2557 ria,
312 2498 349 2547 ΙΙ.
369 2497 394 2544 5,
412 2499 440 2558 53
458 2499 519 2547 how
537 2499 559 2548 is
577 2499 624 2547 the
641 2499 759 2554 abstract
780 2499 835 2559 i.e.‚
849 2500 904 2549 this
916 2514 971 2549 was
983 2500 1030 2549 the
1042 2500 1104 2562 only
1117 2500 1240 2551 instance
1256 2517 1293 2552 on

245 2587 319 2623 noun
332 2575 397 2623 used
407 2575 493 2623 here?
526 2587 647 2628 novem.
658 2589 759 2624 assum·
781 2575 871 2625 record
881 2575 911 2625 oi
922 2589 938 2624 a
950 2575 1116 2637 supplicatio
1129 2575 1158 2624 in
1167 2576 1255 2627 honor
1264 2578 1293 2627 oi

245 2651 291 2712 ing
308 2652 368 2699 that
385 2650 421 2699 all
440 2651 536 2700 named
556 2650 583 2698 in
603 2651 648 2700 the
666 2651 759 2701 decree
780 2665 796 2700 a
816 2652 912 2701 citizen
934 2655 982 2701 not
1003 2651 1115 2714 holding
1134 2665 1150 2700 a
1173 2653 1291 2717 military

244 2726 332 2776 would
342 2727 375 2776 be
387 2727 513 2776 arrested.
549 2727 618 2777 How
631 2741 711 2788 many
721 2742 758 2777 es·
780 2727 931 2777 command.
969 2730 1093 2788 togato:
1124 2742 1168 2778 see
1193 2742 1229 2778 on
1253 2731 1288 2780 ΙΙ.

244 2803 351 2865 capcdl
378 2814 487 2864 poena,
494 2803 577 2851 taken
587 2803 757 2865 iorgranted,
779 2803 824 2852 28.
837 2805 860 2853 4.

244 2880 348 2941 though
362 2880 382 2927 u
394 2893 449 2928 was
461 2885 510 2929 not
521 2884 564 2941 yet
579 2879 655 2928 lixed.
810 2878 856 2929 36.
878 2879 1057 2929 conletatur
1074 2916 1080 2929 .
1097 2916 1103 2928 .
1121 2916 1126 2929 .
1144 2881 1290 2932 intereat:

277 2957 291 3018 ξ
319 2957 357 3004 15.
392 2955 437 3005 30.
478 2955 757 3017 supplicatio,
778 2956 822 3006 ior
838 2957 982 3007 difference
1003 2958 1032 3006 in
1050 2958 1129 3008 mood
1152 2972 1196 3008 see
1212 2974 1248 3009 on
1266 2961 1287 3010 1.

246 3030 474 3095 ‘tlrarrksgiving.’
501 3033 559 3081 The
569 3033 640 3082 word
650 3033 676 3080 in
685 3032 758 3082 itself
777 3032 822 3080 29.
843 3035 896 3096 123
920 3035 984 3083 here
1007 3034 1053 3084 the
1071 3034 1174 3098 strictly
1194 3035 1288 3099 logical

245 3108 267 3157 is
284 3109 388 3157 neutral
407 3109 434 3156 in
451 3109 585 3170 meaning.
602 3108 654 3157 and
673 3122 757 3157 some·
777 3109 847 3158 form
872 3110 960 3160 would
984 3110 1029 3160 be:
1059 3109 1096 3159 ‘ii
1113 3145 1119 3159 .
1139 3146 1146 3159 .
1166 3147 1172 3160 .
1192 3112 1288 3161 should

244 3185 323 3234 times
334 3185 445 3234 denotes
456 3199 472 3233 a
484 3185 575 3247 period
588 3186 617 3234 oi
634 3184 757 3234 humilia·
777 3184 809 3233 be
821 3186 972 3248 compared,
989 3183 1023 3248 [it
1036 3185 1123 3235 would
1135 3186 1168 3236 be
1181 3187 1288 3237 noticed

243 3261 302 3310 tion
320 3262 347 3310 in
366 3262 430 3310 time
448 3263 476 3311 oi
498 3262 613 3311 disaster
632 3262 711 3324 (⁶day
728 3262 757 3311 oi
777 3260 847 3321 that]
860 3262 935 3311 there
948 3263 978 3323 is,
993 3261 1054 3312 etc.'

243 3336 345 3400 tasting
369 3339 422 3386 and
451 3338 582 3401 prayer’),
608 3339 655 3386 but
683 3351 756 3387 more
808 3336 910 3394 ³⁷‚3a
928 3338 1287 3400 geeta,vhhrepublioa

243 3413 318 3463 often
341 3428 357 3463 a
380 3415 572 3477 thanksgiving
595 3415 637 3463 ior
655 3416 755 3477 victory
776 3426 805 3462 as
822 3414 845 3463 is
861 3414 920 3464 also
935 3418 1129 3464 conservata
1164 3419 1287 3465 ceterae

244 3488 289 3550 (oi.
305 3490 380 3540 Caes.
392 3491 442 3541 1v.
455 3490 495 3540 38
512 3492 545 3540 ad
558 3491 602 3540 fin.
612 3493 630 3550 l,
639 3491 692 3539 and
703 3505 756 3540 was
776 3525 799 3537 ..
812 3525 817 3537 .
829 3490 976 3540 haeouna
988 3527 993 3540 .
1006 3527 1011 3539 .
1024 3527 1030 3540 .
1043 3491 1286 3541 constitutam:

242 3566 308 3615 then
327 3573 355 3616 to
372 3568 418 3616 the
435 3568 580 3617 victorious
596 3566 703 3630 general
720 3581 755 3615 an
776 3564 818 3614 ior
829 3566 944 3616 number
955 3566 984 3616 oi
1001 3567 1065 3616 verb
1076 3567 1110 3616 ci.
1126 3568 1175 3629 §a
1189 3567 1230 3618 83.

242 3642 494 3694 honorinieriorto
510 3658 526 3692 a
544 3644 663 3706 triumph
682 3642 754 3708 only,
808 3640 853 3690 39.
887 3641 1006 3691 factum
1041 3646 1246 3705 transactum,
1271 3655 1287 3693 a

242 3719 331 3768 which
339 3719 519 3782 itirequently
529 3720 667 3782 preceded
775 3719 925 3782 proverbial
948 3721 1053 3783 phrase,
1073 3720 1207 3785 implying
1227 3721 1286 3771 that

273 3793 319 3854 32,
338 3794 383 3844 33.
400 3809 472 3846 meo
494 3797 632 3846 nomine:
656 3809 755 3846 aeeon
775 3796 822 3846 the
833 3795 924 3845 action
936 3795 1042 3847 isflnal.
