2678 4260
166 261 230 334 538
524 272 598 331 ruo
620 274 650 331 r.
675 272 803 330 srsrro
825 273 975 330 enarro.

217 475 341 518 moram
374 452 478 516 ullam
508 451 675 525 adferret3
715 452 743 516 si
774 452 851 535 quis
882 451 980 516 aliter
1010 450 1156 527 fecisset,
1189 470 1270 516 eum

214 559 312 644 plane
336 578 521 622 eversorem
549 558 594 620 rei
618 556 771 640 publicae
797 555 868 621 iore
892 554 993 639 idque
1018 564 1175 619 senatum
1196 577 1270 642 gra·

165 679 194 726 1⁶
216 664 351 728 vissime
382 662 540 733 laturum,
565 668 600 724 et
631 668 671 723 ut
695 661 808 723 statim
834 659 874 722 de
906 660 978 724 eius
1008 657 1100 723 facto
1130 659 1270 724 referre-

216 774 282 831 tur.
337 765 414 844 Qua
440 766 607 851 gravitate
638 785 699 827 sua
730 785 804 826 cum
838 762 998 846 frequens
1028 769 1166 827 senatus
1198 784 1274 827 non-

218 870 387 933 nullorum
416 869 525 933 scelus
554 867 797 951 audaciamque
830 867 1005 942 tardasset,
1033 875 1147 932 tamen
1178 866 1269 931 illud

217 972 358 1049 addidit,
376 980 425 1049 ut,
441 974 469 1037 si
486 971 604 1036 diebus
620 972 783 1056 quinque,
801 971 925 1055 quibus
949 973 1003 1056 agi
1026 971 1067 1034 de
1095 993 1147 1037 ure
1171 978 1268 1056 potu·

215 1079 306 1153 isset,
331 1099 398 1141 non
425 1083 514 1141 esset
543 1084 666 1151 actum,
695 1075 836 1139 redirem
867 1076 902 1138 in
928 1076 1070 1159 patriam
1098 1074 1266 1162 dignitate

144 1179 201 1241 130
215 1183 305 1246 omni
322 1191 525 1266 recuperata.
572 1197 658 1244 nxrr.
686 1179 847 1244 Decrevit
868 1177 984 1243 eodem
1001 1187 1151 1263 tempore
1174 1201 1268 1244 sena·

217 1294 284 1362 tus,
301 1292 342 1349 ut
367 1286 418 1360 iis,
436 1287 493 1369 qui
520 1307 561 1348 ex
590 1292 661 1348 tota
690 1283 791 1346 Italia
815 1282 934 1347 salutis
959 1304 1050 1347 meae
1074 1304 1175 1348 causa
1190 1305 1267 1348 con·

215 1395 387 1465 venerant,
418 1397 597 1474 agerentur
627 1388 765 1473 gratiae,
797 1393 899 1471 atque
938 1395 979 1450 ut
1008 1387 1107 1463 idem,
1138 1386 1183 1451 ad
1212 1410 1265 1452 res

216 1493 390 1558 redeuntis
416 1500 456 1556 ut
481 1494 646 1567 venirent,
667 1497 874 1577 rogarentur.
923 1490 1015 1555 Haec
1039 1499 1111 1556 erat
1139 1490 1266 1555 studio

175 1614 287 1660 rrum
317 1598 352 1659 in
390 1617 464 1660 mea
501 1597 608 1660 salute
640 1596 821 1670 contentio,
853 1602 894 1658 ut
930 1596 965 1670 ii,
997 1596 1056 1679 qui
1090 1617 1110 1658 a
1142 1603 1264 1659 senatu

217 1700 258 1765 de
275 1722 326 1765 me
344 1700 557 1786 rogabantur,
574 1699 682 1763 eidem
705 1700 838 1764 senatui
860 1720 920 1782 pro
945 1721 998 1763 me
1023 1699 1262 1783 supplicarent

214 1806 330 1889 Atque
358 1807 405 1868 ita
431 1806 466 1867 iu
494 1804 545 1867 his
572 1804 672 1867 rebus
697 1825 786 1867 unus
814 1811 865 1867 est
891 1803 983 1867 solus
1010 1804 1181 1879 inventus
1204 1804 1265 1888 qui

216 1909 257 1974 ab
281 1909 342 1972 hac
369 1917 438 1972 tarn
462 1910 603 1992 inpensa
628 1908 804 1972 voluntate
831 1907 995 1971 bonorum
1026 1908 1138 1992 palam
1172 1907 1264 1972 dissi·

213 2012 317 2089 deret,
334 2021 375 2076 ut
399 2014 498 2076 etiam
529 2012 570 2091 Q.
596 2012 756 2076 Metellus
782 2013 911 2087 consul,
929 2014 988 2096 qui
1013 2013 1095 2076 mihi
1118 2013 1175 2078 vel
1198 2034 1264 2076 nra·

162 2132 191 2179 10
212 2118 301 2181 xime
332 2139 374 2181 ex
406 2117 534 2202 magnis
567 2114 839 2180 contentionibus
871 2117 916 2180 rei
948 2117 1102 2200 publicae
1139 2116 1264 2181 fuisset

124 2293 128 2298 ,
213 2222 377 2296 inimicus,
394 2220 434 2285 de
452 2242 524 2285 mea
539 2220 648 2284 salute
673 2220 851 2284 rettulerit.
899 2219 968 2299 Qui
992 2223 1161 2286 excitatus
1185 2244 1262 2285 oum

215 2346 346 2389 summa
370 2325 569 2389 auctoritate
597 2331 744 2399 senatus
767 2330 840 2387 tum
867 2323 905 2387 P.
926 2324 1048 2389 Servili
1073 2325 1262 2390 incredibili
1320 2320 1324 2325 ’

242 2513 343 2562 13-18.
362 2513 468 2575 siquis
480 2549 486 2562 .
498 2549 504 2564 .
516 2550 523 2562 .
533 2513 608 2571 fore,
617 2527 727 2563 awarn·
750 2513 848 2576 during
861 2515 949 2563 which
961 2515 1007 2564 the
1019 2514 1067 2563 bill
1084 2515 1128 2564 for
1143 2515 1263 2565 Cicero’s

209 2590 725 2653 ingagainstexpectedoppositronzsee
749 2597 841 2639 return
854 2591 907 2639 had
920 2597 948 2640 to
960 2591 992 2640 be
1004 2592 1099 2653 posted
1115 2592 1158 2641 for
1171 2592 1262 2655 public

210 2681 246 2716 on
264 2667 313 2728 Ep.
324 2667 377 2715 ΙΙΙ.
391 2666 436 2714 12.
448 2668 488 2727 81,
499 2668 553 2715 and
570 2668 660 2715 notice
677 2668 724 2715 the
750 2667 908 2729 inspectior.
943 2667 1031 2716 Haec
1048 2671 1122 2724 erat,
1139 2675 1202 2725 etc,
1217 2668 1263 2719 ‘so

211 2743 354 2793 differeuce
368 2745 395 2791 in
411 2743 458 2792 the
471 2744 598 2806 wording.
633 2743 724 2792 fecis·
748 2757 827 2805 eager
839 2758 892 2792 was
904 2744 950 2793 the
961 2745 1060 2808 rivalry
1071 2746 1099 2793 in
1111 2746 1206 2807 regard
1223 2752 1260 2806 to,

210 2823 272 2869 set:
289 2820 332 2868 tor
344 2821 423 2869 mood
432 2821 485 2869 arrd
495 2827 570 2869 tense
581 2821 615 2870 ct.
626 2822 655 2882 ἓξ
669 2823 721 2869 111.
749 2819 809 2869 etc!
839 2821 947 2881 Atque
954 2821 1005 2878 ita,
1013 2828 1043 2871 to
1051 2823 1084 2870 he
1092 2822 1185 2884 joined
1195 2823 1262 2871 with

212 2898 254 2957 163
265 2897 304 2944 55.
321 2897 357 2945 14.
394 2900 426 2945 et
443 2900 484 2954 ut
502 2903 563 2958 etc,
578 2898 645 2946 ‘and
663 2900 724 2946 that
748 2909 836 2945 uuas:
855 2895 923 2944 ‘aud
936 2909 966 2943 so
977 2896 1125 2958 absolutely
1137 2910 1192 2946 was
1208 2911 1262 2948 oue

210 2972 253 3021 his
264 2973 381 3022 conduct
393 2972 490 3022 should
501 2979 530 3023 at
542 2988 609 3023 once
624 2975 657 3023 be
669 2974 723 3023 laid
747 2983 811 3018 man
832 2970 895 3031 only
912 2970 1016 3019 found!
1052 2972 1262 3021 contentioni·

211 3048 301 3097 before
310 3050 356 3096 the
369 3049 479 3108 senate‚’
494 3050 510 3099 i.
525 3064 558 3112 e,
572 3051 604 3099 be
617 3052 723 3100 medea
746 3045 806 3093 bus
815 3046 860 3094 rei
869 3058 911 3106 12.:
924 3047 958 3096 cf.
971 3046 1083 3108 §raet
1094 3048 1133 3096 32.
1163 3051 1262 3097 rettu-

211 3131 279 3173 state
288 3125 420 3186 question.
456 3125 581 3175 diebus:
594 3130 723 3177 sacomi-
745 3121 823 3178 lesit,
842 3137 878 3170 an
901 3123 1078 3184 exaggerated
1102 3128 1259 3186 statement,

211 3201 331 3261 rictibus,
347 3201 396 3250 ‘on
408 3203 495 3251 which
506 3203 634 3253 electious
643 3204 721 3254 could
746 3213 775 3248 as
795 3213 835 3247 we
857 3199 938 3247 know
960 3200 1030 3248 from
1054 3201 1133 3249 other
1151 3214 1261 3251 sources

210 3275 242 3324 be
254 3275 335 3337 held,‘
349 3277 403 3325 und
415 3291 459 3326 see
476 3292 511 3326 on
524 3278 538 3339 ξ
550 3279 588 3328 33.
603 3280 626 3328 4.
746 3276 806 3323 that
817 3277 839 3323 it
851 3289 905 3323 was
918 3275 1049 3325 Lentulus
1064 3277 1126 3326 who
1142 3278 1261 3341 brought

746 3352 792 3399 the
820 3356 920 3399 matter
953 3351 1045 3401 before
1080 3354 1128 3402 the
1155 3360 1258 3405 senate.

242 3414 721 3477 513⁰·3·11·³(110⁸10(101111t1⁸‚
746 3426 880 3487 Metellus
903 3427 1036 3479 however.
1057 3430 1204 3490 supported
1227 3431 1258 3490 it,

211 3490 255 3540 ‘at
272 3491 319 3540 the
339 3496 505 3556 resumption
522 3496 552 3543 ot
568 3496 719 3545 business:’
747 3503 773 3549 in
786 3502 929 3550 obedience
947 3506 977 3550 to
995 3504 1042 3552 the
1062 3504 1115 3552 will
1134 3505 1164 3552 ot
1181 3505 1261 3555 Pom-

209 3567 245 3616 et.
263 3568 310 3615 the
326 3569 423 3629 phrase
442 3572 471 3619 of
488 3572 611 3634 opposite
631 3587 722 3621 mean·
746 3578 829 3638 peius.
859 3576 943 3638 Seep.
955 3578 995 3634 45,
1006 3579 1020 3639 ξ
1032 3579 1064 3627 82
1075 3579 1164 3628 adfln.
1187 3591 1260 3628 cum

211 3643 296 3705 inglu
309 3645 378 3694 Mur.
399 3645 444 3694 28.
465 3648 503 3696 10.
540 3648 573 3696 Iu
587 3649 643 3697 this
661 3663 721 3698 case
745 3664 866 3699 summa
899 3653 1018 3713 position
1046 3655 1077 3703 ot
1104 3656 1189 3705 cum?
1222 3656 1257 3706 ct.

210 3717 332 3769 business
345 3722 432 3770 would
445 3723 477 3772 be
489 3725 612 3773 resumed
630 3730 658 3773 at
675 3726 721 3774 the
746 3727 810 3787 563.
824 3727 863 3775 23.

209 3796 362 3856 expiration
377 3797 407 3846 ot
428 3799 475 3848 the
493 3807 636 3853 securum
656 3801 721 3865 days
776 3802 823 3852 12
847 3803 879 3850 Ρ.
906 3800 1024 3853 Servili
1047 3805 1171 3871 Isamici,
1195 3819 1260 3859 oon·
