2678 4260
428 271 509 332 car.
533 273 620 334 aaa,
644 273 658 334 i
682 272 800 322 111-111.
1049 263 1052 270 “
1098 258 1162 325 525

61 448 98 505 et·
123 441 218 506 bonis
242 442 323 506 viris
346 464 477 526 semper
500 442 670 526 probatus,
696 441 787 526 quod
811 463 926 527 parum
952 441 1112 507 videlicet

61 545 234 609 intellexit
256 547 292 609 in
319 546 504 621 tribunatu,
534 546 615 630 quid
644 569 722 610 vero
749 547 873 630 populo
901 546 1109 630 probaretur,
1199 623 1200 627 Ἰ

62 658 98 714 01
113 649 205 734 quod
222 651 316 714 illum
335 673 407 715 esse
424 651 587 734 populum
606 650 806 726 Romanum,
824 651 883 735 qui
905 651 937 712 in
955 652 1112 717 contione
1134 667 1164 713 10

62 762 143 830 erat,
175 754 406 830 arbitrabatur,
438 776 504 817 non
537 756 649 818 tenuit
679 775 755 819 cum
786 754 908 830 locum,
937 754 972 816 iu
997 777 1107 839 quem,

61 859 126 921 nisi
166 859 336 942 popularis
374 880 444 923 esse
483 859 656 932 voluisset,
689 858 859 922 facillume
891 860 1108 943 pervenisset.

62 962 172 1038 Alter,
205 964 265 1046 qui
302 963 350 1025 ita
388 985 423 1027 se
461 964 496 1024 in
530 963 683 1046 populari
723 963 849 1026 ratione
890 964 1039 1040 iactarat,
1072 974 1111 1028 ut

61 1067 220 1150 auspicia,
252 1067 361 1152 legem
393 1067 536 1141 Aeliam,
576 1075 713 1130 senatus
752 1067 996 1142 auctoritatem,
1036 1091 1111 1132 con-

60 1171 180 1247 sulem,
223 1171 379 1256 collegae,
422 1170 583 1234 bonorum
624 1169 786 1234 iudiciunr
830 1171 925 1233 nihili
965 1180 1110 1256 putaret,
1134 1189 1163 1234 25

61 1273 267 1338 aedilitatem
284 1275 407 1358 petivit
424 1296 499 1338 cum
517 1273 611 1337 bouis
630 1274 709 1337 viris
728 1281 763 1337 et
775 1273 966 1338 homiuibus
979 1277 1105 1358 primis,

59 1378 120 1442 sed
137 1400 204 1442 11011
221 1379 517 1462 praestantissimis
535 1377 653 1461 opibus
670 1386 705 1441 et
720 1380 848 1463 gratia;
874 1378 997 1442 tribum
1015 1393 1108 1443 suam

60 1504 129 1545 non
158 1483 248 1559 tulit,
274 1482 463 1546 Palatinam
493 1481 649 1566 denique,
678 1503 861 1566 perquam
890 1505 1003 1547 omues
1032 1485 1108 1549 illae

60 1595 173 1672 pestes
200 1608 321 1651 vexare
350 1608 419 1650 rem
448 1585 615 1670 publicam
644 1585 851 1662 dicebantur,
878 1586 1025 1669 perdidit
1047 1609 1108 1652 nec

60 1691 244 1775 quicquam
270 1691 337 1754 illis
365 1691 518 1766 comitile,
550 1688 641 1772 quod
672 1689 749 1753 boui
782 1691 844 1752 viri
876 1691 1013 1766 velleut,
1044 1693 1162 1755 1110130

59 1795 227 1878 repulsam
244 1795 333 1858 tulit.
380 1793 513 1858 Videtis
538 1793 644 1878 igitur
667 1794 830 1878 populum
859 1795 980 1878 ipsum,
998 1804 1038 1858 ut
1060 1797 1107 1858 ita

59 1898 180 1973 dicam,
209 1899 274 1960 iam
298 1919 365 1962 non
392 1919 463 1962 esse
496 1896 702 1981 popularem,
729 1899 789 1981 qui
811 1899 859 1961 ita
890 1898 1107 1964 vehementer

59 2024 127 2079 coe,
145 2004 202 2087 qui
219 2003 396 2087 populares
412 2002 588 2074 habentur,
613 2011 758 2085 respuat,
770 2019 831 2066 ‘eos
854 2013 976 2077 autem,
994 2005 1052 2086 qui
1076 2005 1106 2068 ei

57 2108 175 2192 generi
191 2107 419 2182 adversantur,
436 2107 560 2171 houore
577 2105 790 2191 dignissimos
808 2105 945 2170 iudicet.

103 2229 175 2274 LIV.
200 2212 385 2275 Veniamus
402 2210 444 2273 ad
460 2209 567 2274 ludos.
615 2209 711 2273 Facit
726 2211 825 2284 enim,
843 2209 981 2284 iudices,
997 2221 1107 2276 vester
1125 2216 1178 2278 115

57 2316 173 2379 istein
200 2337 251 2378 me
277 2316 463 2378 animorum
493 2315 735 2398 oculorumque
759 2314 941 2389 coniectus,
960 2323 999 2377 ut
1022 2317 1103 2378 mihi

56 2419 123 2481 iam
148 2420 247 2483 licere
273 2426 389 2503 putem
414 2418 597 2483 remissiore
625 2419 674 2482 uti
703 2440 824 2504 genere
854 2418 997 2482 dicendi.
1045 2419 1106 2483 Co-

57 2524 229 2586 mitiorum
260 2531 294 2587 et
326 2523 521 2586 contionum
546 2523 807 2608 significationes
830 2529 910 2586 suut
935 2522 1104 2587 interdum

56 2647 165 2702 verae,
192 2635 274 2691 suut
300 2648 367 2690 non
396 2648 581 2710 numquam
609 2628 748 2692 vitiatae
778 2635 879 2711 atque
911 2635 1106 2711 corruptac3
1143 2643 1158 2687 1

56 2730 238 2795 theatrales
269 2730 527 2817 gladiatoriique
559 2752 734 2795 consessus
772 2730 934 2795 dicuntur
970 2732 1105 2794 omnino

88 2884 135 2932 21.
171 2884 273 2932 tenuit
306 2883 425 2933 locum:
465 2897 509 2932 see
536 2897 572 2932 on
596 2884 745 2946 Esquilina,
792 2884 907 2943 Collina,
953 2883 1104 2932 Suburana.

55 2961 106 3022 Ep.
121 2961 172 3010 XI.
185 2960 202 3009 1.
216 2962 243 3008 5:
260 2961 289 3009 in
302 2961 389 3009 which
402 2959 556 3021 meaning?
595 2960 680 3021 quod
702 2959 785 3016 boni,
809 2967 874 3010 etc:
897 2960 943 3008 the
966 2959 1028 3008 boni
1052 2959 1106 3007 had

88 3037 189 3084 24-34.
217 3036 317 3097 legem
353 3035 490 3084 Aeliam:
528 3049 572 3084 sce
594 3036 681 3097 hoped
697 3037 758 3084 that
776 3035 910 3085 hewould
930 3042 975 3097 get
992 3035 1106 3083 conieci

55 3115 69 3175 ξ
88 3114 128 3163 33.
148 3112 320 3174 consulem,
334 3112 461 3162 Bibulus:
480 3126 523 3161 see
535 3126 570 3160 on
593 3112 640 3161 the
652 3113 736 3174 rough
748 3116 894 3161 treatment
905 3110 966 3159 that
977 3110 1040 3170 they
1052 3110 1106 3158 had

55 3192 68 3251 §
87 3191 126 3239 40.
142 3191 166 3239 8.
201 3189 272 3239 Who
289 3204 343 3239 was
360 3190 402 3238 his
420 3188 571 3250 colleague?
593 3189 708 3237 suffered
721 3188 799 3236 when
814 3201 849 3236 on
869 3188 915 3236 the
934 3186 1022 3248 losing
1038 3187 1104 3235 side.

54 3265 156 3314 nihili:
185 3266 228 3316 for
252 3280 313 3315 case
336 3266 370 3314 cf.
401 3265 500 3325 piaris,
519 3265 567 3325 Ep.
593 3265 621 3312 ei
643 3264 761 3325 generi:
794 3277 830 3313 sc.
854 3262 950 3312 what?
993 3262 1043 3312 See
1069 3277 1106 3312 011

54 3342 149 3391 XVII.
164 3342 189 3388 2.
202 3343 241 3390 20.
277 3341 394 3389 tribum
416 3341 569 3394 1001111110
591 3342 671 3401 5105.
686 3341 725 3389 25.

53 3419 154 3480 Sergia.
212 3431 276 3466 non
309 3417 382 3465 tulit
399 3440 423 3464 =
435 3417 566 3477 perdidit,
638 3428 640 3433 ·

55 3495 116 3542 ‘did
131 3501 178 3543 not
196 3495 291 3556 carry!
324 3493 513 3542 Palatinam:
530 3507 566 3541 sc.
622 3495 636 3554 ξ
650 3495 703 3542 115.
727 3492 789 3541 1-6.
807 3492 848 3540 ad
858 3491 959 3550 ludos,
970 3493 1018 3542 the
1032 3493 1105 3542 third

53 3571 271 3625 balsamonem
287 3571 334 3618 the
347 3571 409 3619 four
420 3570 475 3630 city
486 3569 569 3617 tribes
591 3577 644 3619 test
663 3570 693 3618 oi
709 3568 800 3631 public
818 3569 943 3631 opinion:
966 3569 999 3617 ci.
1018 3571 1032 3629 9·
1049 3570 1103 3618 106.

53 3648 144 3695 which
168 3661 236 3695 were
259 3646 356 3695 iooked
376 3660 449 3708 upon
470 3659 499 3693 as
522 3646 568 3693 the
591 3648 645 3695 3-6.
681 3645 854 3694 animorum
881 3643 1105 3705 oculorumque

51 3734 125 3776 most
147 3733 257 3789 corrupt
285 3727 338 3774 and
363 3724 440 3774 venai
464 3726 493 3772 oi
522 3725 568 3773 the
591 3722 763 3778 coniectus,
775 3735 895 3783 zeugma,
910 3735 939 3770 as
952 3734 991 3769 wc
1005 3728 1106 3770 cannot

51 3803 209 3867 thirty-live.
241 3800 569 3854 ΙΤ1100111011110101110
591 3813 638 3862 say
662 3799 767 3848 arrianos
790 3799 922 3848 conicere.
958 3795 1106 3847 dicuntur
