2678 4260
433 300 514 356 cnr.
538 302 627 366 4142,
651 299 771 368 §scot
1104 288 1167 363 507

66 494 110 541 ne
127 483 318 562 quaeratur,
335 499 376 541 ne
394 479 598 542 mentionem
623 478 758 541 omnino
782 478 939 561 cuiquam
962 473 1112 543 iudicum

66 589 128 644 aut
164 580 364 644 iudiciorum
398 579 506 645 facere
537 580 657 645 liceat!
705 580 799 660 Quid
836 589 953 668 ageret
989 583 1042 647 vir
1071 582 1115 647 ed

66 684 239 761 virtutem,
268 684 479 771 dignitatern,
512 686 652 772 gloriam
681 693 781 749 natus
810 686 844 750 vi
875 686 1114 751 sceleratorum

65 787 240 851 bominum
271 788 499 865 conroborata,
538 788 671 874 legibus
708 787 913 874 iudiciisque
946 790 1115 856 sublatis?
1139 807 1167 854 aa

67 889 223 956 Cervices
255 892 412 956 tribunus
451 893 496 977 pl.
528 894 670 978 privato,
696 892 1021 978 'praestantissimus
1059 896 1113 960 vir

66 994 338 1082 profligatissimo
372 996 499 1060 homini
540 996 635 1061 daret
669 1019 711 1060 an
751 1019 884 1061 oausam
924 1005 1116 1083 susceptam

66 1099 213 1164 abiceret
228 1121 269 1163 an
286 1122 319 1164 se
342 1100 432 1163 domi
453 1099 666 1165 contineret?
712 1100 759 1165 Et
781 1102 871 1166 vinci
895 1109 994 1186 turpe
1021 1110 1116 1187 puta·

66 1203 118 1267 vit
133 1210 168 1267 et
183 1203 341 1268 deterreri
358 1213 393 1269 et
408 1205 533 1280 latere3
558 1203 711 1289 perfecit,
735 1213 784 1282 ut,
810 1207 970 1291 quoniam
993 1206 1056 1271 sibi
1078 1208 1114 1271 in

65 1307 161 1370 illum
178 1307 310 1394 legibus
334 1309 385 1372 uti
408 1330 475 1372 non
498 1309 625 1385 liceret,
650 1310 743 1374 iilius
767 1311 836 1374 vim
859 1332 970 1396 neque
995 1311 1030 1374 in
1053 1332 1115 1375 suo
1138 1327 1168 1372 ao

65 1432 177 1495 neque
194 1411 228 1474 in
245 1411 462 1496 reipublicae
479 1413 630 1496 periculo
647 1398 907 1497 pertimesceret.
1112 1486 1117 1494 ‚

110 1533 198 1579 XLII.
225 1517 302 1596 Quo
318 1516 417 1582 modo
433 1519 539 1604 igitur
561 1517 623 1583 hoc
648 1519 683 1580 in
709 1541 830 1605 genere
856 1519 1013 1605 praesidii
1038 1541 1113 1584 con·
1127 1523 1168 1586 90

65 1621 173 1705 parati
198 1642 335 1686 accusas
366 1620 524 1697 Sestium,
549 1642 626 1685 curn
659 1621 748 1686 idem
778 1622 897 1688 laudes
928 1622 1115 1688 Milonem?

66 1724 134 1801 An,
161 1726 220 1809 qui
244 1747 307 1789 sua
332 1733 421 1790 tecta
446 1724 609 1800 defendit,
635 1725 695 1809 qui
718 1726 760 1790 ab
783 1727 858 1803 aris,
878 1726 962 1791 focis
985 1726 1112 1792 ferrum

65 1826 301 1914 flammamque
329 1828 478 1914 depellit,
500 1829 557 1913 qui
581 1828 644 1892 sibi
666 1830 767 1894 licere
791 1830 864 1894 volt
889 1836 965 1894 tuto
981 1851 1054 1895 esse
1077 1832 1114 1894 in

66 1931 149 2009 for0,
167 1933 202 1996 in
219 1933 354 2018 templo,
370 1933 521 2008 incuria,
536 1933 607 1996 iure
624 1931 828 2015 praesidium
839 1941 1031 2019 comparat3
1056 1935 1116 2019 qui
1152 1951 1168 1996 t

66 2036 275 2113 vulneribus
293 2059 379 2122 quae
396 2037 505 2102 cernit
517 2035 639 2101 cotidie
653 2042 725 2100 toto
738 2057 885 2121 corpore,
899 2044 1063 2115 monetur,
1075 2046 1115 2104 ut

65 2140 182 2224 aliquo
198 2139 364 2224 praesidio
381 2149 484 2225 caput
500 2148 536 2204 et
551 2141 697 2205 cervices
714 2147 749 2205 et
765 2141 922 2226 iugulum
946 2162 983 2206 ac
1006 2142 1112 2206 latera

66 2251 209 2320 tutetur,
233 2244 324 2309 hunc
348 2244 389 2309 de
413 2246 447 2309 vi
479 2243 705 2309 accusandum
737 2245 861 2329 putas?
906 2243 992 2323 Quis
1024 2247 1112 2310 enim
1130 2251 1167 2313 91

66 2356 229 2424 nostrum,
261 2347 400 2424 iudiceS,
428 2350 563 2434 ignorat
589 2349 637 2412 ita
663 2357 816 2412 naturam
845 2369 955 2412 rerum
985 2349 1113 2427 tulisse,

66 2461 107 2515 ut
130 2451 276 2536 quodam
299 2460 448 2537 tempore
472 2452 624 2528 homines
652 2450 802 2515 nondum
831 2473 941 2536 neque
969 2455 1116 2518 naturali
1140 2471 1168 2516 10

66 2577 176 2640 neque
200 2556 291 2620 civili
318 2557 390 2620 iure
415 2555 582 2640 descn'pto
607 2555 674 2619 fusi
702 2577 762 2640 per
788 2577 884 2642 agros
909 2578 947 2621 ac
971 2556 1114 2644 dispersi

66 2667 273 2745 vagarentur
302 2667 505 2744 tantumque
538 2658 707 2733 haberent,
739 2666 905 2743 quantum
937 2682 1037 2724 manu
1074 2683 1113 2728 ac

100 2838 197 2888 23-31.
232 2842 349 2901 ageret:
373 2840 417 2889 for
438 2839 517 2888 mood
542 2837 576 2888 cf.
604 2838 679 2900 Milo,
693 2839 754 2889 that
773 2838 800 2887 in
820 2838 866 2887 15
884 2844 912 2887 to
924 2837 1035 2888 Sestius.
1070 2838 1114 2888 cf.

67 2917 384 2979 §81.10‚qutesccrch‘e.
418 2916 578 2965 Cervices:
602 2914 733 2978 carefully
753 2915 800 2964 the
817 2914 921 2963 similar
938 2919 1065 2963 sentence
1086 2915 1116 2965 in

67 3007 112 3043 see
134 3008 170 3043 on
193 2994 263 3043 Mur.
278 2992 323 3040 79.
348 2995 386 3042 21.
409 2992 495 3041 domi
507 3004 579 3041 con·
602 2992 668 3042 Sull.
682 2992 786 3041 eesf.
822 2989 948 3051 templo.
956 2990 1004 3039 the
1013 2993 1113 3043 rostra.

66 3069 278 3128 fineretaside
286 3070 376 3119 thrust
385 3075 414 3118 at
421 3069 579 3131 Pompeius:
601 3066 681 3116 iu're:
698 3069 754 3117 this
773 3069 795 3117 is
813 3067 861 3117 the
879 3067 1015 3130 emphatic
1031 3068 1114 3120 word.

67 3146 102 3195 of.
127 3143 140 3202 §
167 3147 207 3196 69.
237 3145 261 3198 7.
300 3145 441 3208 perfecit,
469 3148 577 3194 ut...
601 3143 697 3193 hunc:
743 3145 804 3207 why
843 3150 899 3218 not
934 3145 1016 3195 earn?
1070 3145 1113 3196 Cf.

66 3223 317 3284 pertimesceret:
355 3222 400 3271 for
431 3220 478 3270 the
510 3221 579 3283 peri·
603 3221 651 3282 §h
666 3221 689 3272 7.

67 3299 174 3361 phrasis
207 3299 243 3349 cf.
276 3299 326 3361 Ep.
361 3298 443 3348 XIII.
476 3298 501 3346 2.
534 3297 578 3358 233
635 3296 699 3356 §et
730 3293 811 3343 9-12.
840 3297 983 3351 naturam
1006 3306 1115 3352 rerum,

67 3374 134 3424 Suil.
148 3374 194 3425 69.
206 3376 250 3437 21;
267 3375 320 3424 III.
335 3375 359 3423 7.
374 3375 412 3424 16.
604 3371 743 3421 ‘naturet’
757 3385 801 3421 see
807 3385 843 3420 on
852 3372 865 3432 ξ
875 3371 914 3423 ts.
923 3372 947 3421 8.
976 3371 1116 3422 nondum

603 3460 704 3510 neque
721 3483 727 3496 .
744 3483 751 3495 .
768 3483 774 3496 .
791 3459 907 3509 neque:
932 3449 979 3497 the
1002 3447 1116 3503 correla-

101 3527 167 3588 §90.
180 3527 242 3576 1-8.
259 3525 321 3575 hoc
338 3562 344 3575 .
362 3562 368 3575 .
385 3562 391 3575 .
408 3524 578 3587 conparati,
603 3525 672 3574 tives
690 3537 776 3586 neque
794 3560 800 3573 .
820 3560 827 3572 .
847 3560 854 3572 .
872 3537 969 3584 neque,
995 3524 1047 3572 and
1065 3537 1115 3574 nec

70 3603 115 3653 ‘in
135 3604 190 3654 this
212 3608 311 3653 matter
332 3603 406 3663 (viz.)
428 3603 457 3653 of
478 3603 581 3666 having
604 3637 611 3652 .
631 3637 638 3650 .
657 3637 664 3650 .
682 3613 731 3650 nec
744 3614 789 3649 are
800 3600 876 3648 often
887 3600 951 3649 used
961 3599 1116 3663 partitively

68 3680 196 3743 gethered
208 3694 243 3731 an
256 3679 347 3730 armed
359 3679 460 3729 force:'
479 3679 523 3729 for
534 3680 580 3728 the
604 3679 674 3728 after
691 3692 707 3726 a
725 3676 831 3740 general
856 3677 981 3739 negative
1000 3677 1116 3727 without

68 3770 129 3820 gen.
150 3757 185 3807 cf.
206 3753 233 3819 §5
253 3757 292 3807 03.
314 3758 357 3819 16;
379 3757 418 3806 18.
441 3757 469 3818 6;
491 3757 514 3806 6.
541 3757 578 3805 10.
604 3753 956 3816 destroyingthenegation.
984 3756 1114 3810 tentum,

69 3833 129 3892 An,
146 3832 207 3895 qul,
229 3839 294 3884 ete:
313 3833 369 3883 this
386 3833 435 3896 qai
453 3831 536 3884 refers
552 3836 582 3883 to
604 3829 868 3892 aelnSull.21.13;
885 3828 938 3879 111.
952 3827 998 3878 25.
1010 3829 1051 3884 37.
