2678 4260
496 252 575 302 car.
602 253 688 315 11-12,
713 253 727 314 a
750 251 837 302 raso.
1170 235 1232 304 101

133 421 364 489 Gracchorum
386 431 423 488 et
445 423 557 487 Flacci
581 421 616 489 et
639 425 847 509 superiorum
872 424 1094 509 complurium
1110 447 1182 488 san-

132 529 234 613 guine
258 550 327 592 non
344 527 444 592 modo
459 549 494 591 se
511 550 579 591 non
594 530 876 604 contaminarunt,
893 514 952 592 sed
979 528 1080 592 etiam
1105 528 1183 592 hon-

133 639 296 709 estarunt,
321 640 411 697 certe
436 630 622 697 verendum
646 632 727 695 mihi
751 655 818 696 non
842 640 923 705 erat,
949 655 990 696 ne
1014 632 1182 716 quidhoc

132 734 299 819 parricida
328 737 455 801 civium
487 735 666 800 interfecto
700 736 846 800 invidiae
878 738 912 799 in
952 738 1181 821 posteritatem
1207 750 1235 794 10

132 838 347 904 redundaret.
428 838 558 918 Quodsi
597 861 635 903 ea
674 841 755 903 mihi
794 842 936 904 maxime
976 822 1181 925 inpenderet,

133 950 246 1008 tamen
263 942 324 1008 hoo
346 945 457 1008 animo
482 943 533 1006 fui
558 965 697 1028 semper,
715 950 756 1008 ut
782 944 944 1010 invidiam
960 945 1086 1008 virtute
1112 967 1183 1029 par-

133 1054 202 1110 tam
219 1047 370 1133 gloriam,
388 1069 455 1111 non
477 1047 638 1112 invidiam
666 1056 827 1132 putarem.
876 1047 1091 1133 Quamquam
1114 1053 1234 1115 non30

133 1151 220 1214 nulii
235 1158 319 1214 sunt
342 1153 377 1214 in
406 1151 468 1215 hoc
494 1150 619 1227 ordine,
646 1153 705 1236 qui
731 1161 791 1215 aut
816 1173 864 1226 ca,
891 1173 977 1236 quae
1003 1153 1181 1229 inminent,

134 1277 200 1318 non
218 1254 359 1319 videant
374 1264 433 1319 aut
448 1277 496 1331 ea,
514 1277 601 1340 quae
618 1255 993 1332 vident,dissi1nulent;
1013 1257 1073 1340 qui
1088 1278 1182 1340 spem
1206 1279 1233 1322 15

134 1358 301 1424 Catilinae
317 1359 475 1424 mollibus
490 1361 667 1424 ¹sententiis
680 1362 839 1424 aluerunt
851 1361 1181 1445 coniurationemque

134 1470 328 1527 nascentem
370 1485 436 1526 non
476 1462 642 1528 credendo
683 1464 1000 1539 corroboraverunt;
1039 1487 1180 1548 quorum

133 1567 334 1631 auctoritate
366 1568 465 1630 multi
496 1590 563 1631 non
594 1569 703 1632 solum
736 1568 887 1652 improbi,
921 1590 1039 1633 verum
1081 1569 1182 1633 etiam

133 1671 281 1755 inperiti,
300 1671 327 1735 si
345 1672 378 1734 in
395 1671 485 1735 huuc
503 1671 823 1746 animadvertissem,
841 1671 1024 1737 crudeliter
1040 1681 1075 1737 et
1091 1676 1180 1759 regie

134 1774 264 1839 iactum
291 1791 362 1840 esse
391 1776 551 1840 dicerent.
598 1776 629 1838 N
634 1798 697 1840 unc
715 1778 885 1862 intellege,
903 1778 931 1840 si
955 1778 1028 1853 iste,
1046 1799 1112 1861 quo
1136 1780 1183 1841 in·
1205 1793 1234 1838 20

133 1946 280 2009 exarrrples.
306 1945 648 2007 Sat.,Gracch.,Placci,
702 1948 815 1997 12.tu1.
850 1949 937 1997 'litere
949 1949 970 1997 is
984 1948 1183 2012 reallyaslight

133 2038 178 2073 see
195 2038 231 2072 on
249 2024 280 2085 ἐξ
291 2025 315 2073 4.
335 2024 362 2085 63
380 2024 402 2073 3.
423 2024 544 2080 21:41.
581 2023 649 2074 Give
671 2025 785 2087 ellipsis:
803 2028 892 2074 tamea
912 2026 960 2075 lroc
979 2027 1068 2074 orituro
1087 2023 1183 2088 [essem

134 2101 181 2150 the
193 2100 244 2150 tull
257 2113 350 2150 names
361 2101 391 2149 oi
403 2101 479 2150 these
491 2114 563 2149 meu.
672 2101 765 2162 atqrre]
775 2115 879 2162 seraper
884 2101 941 2161 sai,
952 2105 991 2162 at,
1003 2105 1051 2151 etc.
1088 2104 1126 2151 As
1136 2103 1183 2152 the

165 2176 192 2234 9,
208 2176 255 2225 10.
272 2175 353 2234 mihi,
373 2182 454 2240 agent
474 2177 540 2225 with
559 2191 648 2226 oerea-
672 2177 817 2226 indicative
829 2177 919 2226 clause
940 2191 1077 2239 expresses
1095 2194 1110 2227 a
1127 2180 1183 2228 lact

134 2255 277 2316 duruerat,
288 2251 361 2305 m'ust
372 2252 536 2315 besupplied
549 2267 578 2302 as
591 2253 645 2302 ind.
671 2254 729 2302 that
747 2255 768 2302 is
786 2259 845 2303 true
863 2254 1072 2316 independently
1091 2256 1120 2304 oi
1137 2257 1182 2306 tlre

133 2333 189 2393 obj.
215 2332 292 2381 with·
306 2332 473 2382 redundaret
498 2335 535 2382 11.
572 2333 646 2393 quid
670 2331 833 2386 concession,
858 2332 880 2378 it
900 2330 977 2378 alone
1005 2331 1028 2378 is
1051 2333 1179 2383 retained.

133 2422 250 2472 governs
266 2410 313 2458 the
330 2415 397 2471 part.
411 2423 472 2472 gen.
486 2410 614 2469 invidiae,
628 2410 644 2458 l.
668 2411 790 2468 partam
805 2409 918 2468 (porto),
934 2409 1094 2470 ‘acquired’

135 2487 174 2535 10.
207 2485 268 2534 hoc
276 2485 431 2547 parricida
439 2485 644 2535 interfecto:
701 2486 763 2546 §3st
776 2484 875 2541 lale.
888 2484 1087 2547 Quamquam.
1100 2487 1182 2538 What

134 2565 159 2612 ai
171 2563 243 2613 triac
249 2563 421 2623 parricidam
431 2563 646 2626 interfecissem;
670 2561 691 2608 ia
700 2560 754 2608 this
766 2572 813 2608 use
821 2559 849 2608 oi
862 2560 908 2607 the
918 2560 990 2609 word
999 2561 1106 2611 called?
1132 2564 1182 2614 See

133 2638 347 2700 forparricida,
360 2653 403 2689 see
414 2654 449 2688 on
462 2640 476 2701 ᾖ
489 2639 526 2691 17.
541 2641 580 2689 26.
669 2651 703 2684 on
715 2637 728 2697 ἓ
740 2636 779 2684 22.
793 2637 814 2683 1.
849 2647 912 2684 non
921 2635 1005 2695 nulli,
1017 2637 1125 2701 ‘soma’
1136 2655 1182 2689 en-

164 2715 211 2763 11
223 2714 419 2776 redundaret,
427 2721 569 2782 metaplror
576 2719 646 2768 from
670 2722 747 2785 tireiy
760 2721 907 2784 indefinite,
921 2722 1037 2786 perhaps
1049 2721 1109 2783 feu,
1123 2735 1182 2784 per-

134 2791 181 2841 the
193 2790 366 2856 overiiowing
377 2796 406 2843 oi
418 2809 434 2845 a
445 2802 553 2858 stream,
570 2797 645 2848 ‘that
669 2800 736 2862 hapa
749 2814 838 2862 many.

133 2890 187 2939 any
210 2874 280 2926 iiood
298 2875 328 2925 oi
346 2875 539 2938 unpopularity
559 2876 645 2926 would
699 2877 744 2925 1⁵.
770 2878 840 2928 Note
861 2879 920 2928 that
943 2880 996 2941 qul
1019 2881 1045 2929 in
1073 2879 1127 2928 line
1152 2880 1182 2928 14

133 2953 177 3003 ior
198 2953 246 3003 the
270 2953 361 3003 tutius
390 2953 553 3003 overwhelm
582 2952 644 3001 me’
668 2954 717 3002 has
729 2955 776 3003 the
788 2955 868 3017 subj„
883 2956 962 3005 while
974 2957 1027 3018 qui
1041 2958 1068 3005 in
1084 2956 1139 3005 line
1151 2958 1181 3005 15

134 3028 265 3089 Quodsi,
288 3029 317 3079 in
341 3031 501 3080 connection
523 3030 588 3079 with
612 3033 644 3088 si,
669 3029 718 3076 has
741 3029 787 3077 the
811 3030 890 3079 indic.
933 3031 992 3079 Tho
1014 3031 1114 3079 former
1136 3044 1181 3079 ex·

134 3105 330 3157 tireadverbial
346 3107 497 3157 accusative
510 3107 581 3168 qaod
598 3107 647 3154 has
669 3122 772 3170 presses
794 3122 810 3156 a
833 3109 1031 3157 characteristic
1055 3107 1138 3168 (what
1158 3109 1180 3156 is

134 3184 244 3233 become
262 3197 279 3232 a
298 3197 371 3233 nuere
391 3185 549 3233 connective
563 3172 645 3232 ‘but'
670 3185 691 3232 it
700 3184 740 3245 ἵης
757 3185 803 3233 tlre
821 3184 900 3232 latter
912 3185 934 3232 is
950 3198 966 3232 a
980 3198 1051 3232 mere
1068 3198 1180 3233 connec-

134 3260 271 3309 maxime
290 3258 410 3309 ‘everso
427 3260 523 3309 mucli'
538 3259 647 3309 intensi·
670 3261 726 3310 tive
743 3283 769 3308 =
783 3262 804 3309 ii
827 3263 925 3309 autern.
976 3258 1180 3316 dissimulent,

136 3336 182 3387 fies
199 3337 248 3386 the
264 3337 297 3387 ei.
331 3335 522 3398 inpenderet,
535 3337 604 3398 subj.
619 3336 648 3384 of
670 3351 705 3386 sc.
720 3351 748 3386 se
760 3336 858 3386 videre.

134 3412 301 3473 concession‚
318 3425 348 3462 as
366 3414 455 3462 tamen
474 3413 501 3461 in
519 3413 565 3462 tlte
583 3417 648 3461 next
701 3413 747 3469 18,
770 3411 816 3460 19.
845 3411 979 3474 improbi
1007 3413 1181 3476 corresponds

135 3488 189 3540 line
223 3489 323 3549 shows,
356 3494 406 3536 not
437 3488 466 3536 oi
498 3488 646 3547 condition,
671 3495 699 3538 to
734 3491 781 3550 qai
816 3489 986 3538 diasirrialeat
1014 3490 1110 3552 above3
1136 3489 1180 3537 in·

134 3567 240 3629 though
263 3565 319 3614 this
340 3565 404 3614 does
428 3568 476 3613 not
498 3564 579 3614 aiiect
601 3566 648 3613 tlre
669 3566 769 3627 periti,
786 3570 815 3615 to
832 3567 880 3627 qut
896 3581 949 3616 aon
966 3566 1084 3617 videant.

133 3643 222 3693 meod.
258 3643 293 3692 Α.
316 3641 377 3702 313;
400 3639 433 3690 G.
451 3641 511 3700 6053
535 3642 569 3690 Η.
591 3642 646 3701 515,
702 3642 746 3690 20.
765 3641 863 3698 Nunc,
876 3656 920 3691 see
931 3641 1038 3701 ontl'l.
1050 3643 1089 3692 24.
1119 3655 1181 3703 quo

134 3719 185 3781 11.;
196 3717 228 3771 B.
248 3716 307 3770 309.
319 3718 402 3769 What
414 3717 493 3767 mood
506 3718 591 3780 ought
603 3718 648 3766 the
673 3717 718 3775 ici.
731 3718 744 3778 ᾗ
757 3719 792 3767 10.
806 3719 831 3780 1)
844 3742 868 3766 =
882 3721 909 3767 in
922 3731 1012 3778 qaae:
1027 3718 1099 3766 what
1112 3718 1134 3766 is
1147 3719 1181 3766 its

133 3796 197 3849 verb
208 3796 238 3849 in
251 3796 299 3849 tte
311 3793 445 3860 principal
457 3792 546 3845 clause
558 3794 650 3844 liare?
670 3793 832 3845 antecedent
842 3795 856 3844 i
877 3794 945 3852 late,
956 3806 1000 3844 see
1011 3806 1047 3844 on
1059 3793 1073 3858 ς
1085 3793 1107 3843 2.
1123 3792 1161 3848 17.
