2678 4260
167 207 230 275 312
519 222 590 273 rao
614 222 644 274 r.
669 221 790 275 sunta
814 221 964 273 enarro.

219 395 364 472 fortuna,
382 397 409 459 si
427 396 587 480 reliquiae
604 396 764 480 pristinae
786 394 961 480 dignitatis
985 415 1051 458 non
1076 401 1146 458 tam
1169 390 1262 460 ilius·

220 509 287 565 tres
311 498 465 578 fuissent,
483 511 593 566 tamen
612 501 759 565 Autroni
783 500 1052 564 commemoratio
1072 500 1266 564 memoriani

219 604 332 670 Sullae
350 607 555 681 rettulisset;
580 607 692 681 etiam,
710 613 750 668 ut
772 605 923 680 arbitror,
948 625 1024 668 curn
1048 605 1266 670 auctoritates

219 709 406 794 principum
445 711 685 774 coniurationis
716 708 758 773 ad
790 707 977 772 incitandos
1007 708 1134 800 animos
1172 708 1267 773 Allo·

166 835 195 880 aa
218 814 357 900 bragam
381 810 555 899 colligeret
579 813 726 890 Cassius,
751 822 885 878 etcum
915 814 1017 877 sciret
1048 820 1180 876 exteras
1212 834 1267 877 na·

220 919 327 982 tiones
343 918 486 981 maxime
504 917 678 982 nobilitate
702 918 839 992 moveri,
857 939 924 981 non
948 917 1040 1001 prius
1057 916 1266 980 Autronium

167 1026 207 1088 38
223 1043 323 1106 quarn
352 1021 480 1084 Sullam
504 1023 756 1086 nominavisset.
803 1021 874 1084 Iarn
905 1042 983 1085 vero
1015 1019 1102 1083 illud
1133 1019 1266 1104 probari

222 1126 356 1188 minime
387 1131 507 1208 potest,
549 1124 666 1190 Gallos
707 1125 875 1189 Autronio
917 1125 1089 1189 nominato
1127 1132 1264 1208 putasse

220 1237 355 1314 propter
370 1229 569 1293 calamitatis
586 1229 841 1294 similitudinem
865 1229 928 1294 sibi
952 1227 1082 1314 aliquid
1105 1227 1145 1292 de
1171 1227 1266 1293 Sulla

167 1349 197 1394 ao
220 1354 291 1397 esse
323 1332 564 1416 quaerendum,
597 1332 722 1410 Cassia,
753 1334 781 1397 si
807 1333 860 1397 hic
885 1341 974 1397 esset
996 1334 1030 1395 in
1058 1330 1176 1396 eodem
1200 1354 1267 1399 sce·

220 1438 297 1512 lere,
315 1459 355 1501 ne
373 1459 450 1500 cum
473 1438 675 1522 appellasset
700 1437 836 1523 quidem
861 1437 1079 1511 Autronium,
1105 1435 1207 1502 huius
1231 1439 1266 1501 in

222 1549 367 1606 mentem
393 1543 505 1606 venire
537 1542 696 1626 potuisse.
743 1541 809 1606 Sed
841 1549 953 1606 tamen
984 1540 1067 1627 quid
1091 1541 1267 1625 'respondit

220 1646 261 1711 de
286 1645 380 1710 Sulla
403 1646 563 1710 Cassius?
608 1645 650 1710 Se
674 1647 800 1711 nescire
817 1654 954 1712 certum.
1001 1645 1097 1709 ‘Non
1121 1645 1265 1732 purgat,’

221 1751 342 1835 inquit.
390 1751 472 1813 Dixi
487 1758 603 1815 autea:
629 1750 679 1814 Ne
696 1751 724 1814 si
740 1759 898 1836 argueret
919 1749 1056 1836 quidem
1080 1759 1154 1814 tum
1177 1750 1267 1816 deni-

168 1871 197 1916 35
221 1876 296 1940 que,
314 1877 390 1919 cum
412 1862 501 1920 esset
523 1855 758 1940 interrogatus,
784 1854 819 1918 id
841 1855 923 1918 mihi
946 1855 1162 1918 criminosum
1178 1854 1268 1920 vide-

170 1965 209 2027 39
221 1967 322 2023 retur.
369 1958 436 2024 Sed
463 1980 525 2045 ego
556 1959 591 2021 in
622 1958 755 2022 indiciis
786 1967 821 2022 et
851 1959 885 2022 in
917 1959 1169 2044 quaestionibus
1200 1981 1267 2023 non

220 2221 309 2282 recall,
339 2222 401 2271 etc’
446 2220 541 2271 Cassio
570 2222 593 2269 is
620 2220 675 2269 dat.
705 2221 735 2269 of
757 2219 873 2277 Cassio,
909 2220 1007 2270 ‘white
1042 2220 1112 2283 (bat)
1148 2220 1265 2281 Cassius,

221 2299 368 2349 reference:
398 2297 452 2347 tiris
480 2299 664 2347 construction
693 2297 735 2346 ior
756 2298 836 2346 etcz‘
851 2298 893 2346 tor
903 2298 1030 2347 omission
1043 2299 1073 2347 of
1090 2299 1266 2360 conjunctior

222 2376 348 2426 Cassium
366 2376 495 2442 anemoria
514 2375 611 2424 babere
628 2375 650 2423 is
671 2388 734 2436 very
756 2374 791 2422 ct.
804 2374 881 2434 ettad,
892 2371 904 2429 i
917 2375 955 2422 22.
967 2375 1006 2424 at.
1034 2373 1128 2424 Cassio
1140 2374 1163 2422 is
1174 2374 1230 2422 dat.
1239 2373 1268 2422 oi

221 2467 288 2502 rare.
757 2447 1265 2510 ref.witttnmememaentre(aaa),
1326 2478 1329 2483 >

253 2530 354 2580 21-26.
383 2529 528 2587 illustres,
575 2528 735 2591 ‘conspieu
757 2525 810 2574 and
824 2527 845 2575 is
856 2531 906 2588 put
918 2531 947 2575 at
959 2527 1006 2577 the
1022 2524 1170 2589 beginning
1187 2525 1216 2576 oi
1233 2525 1267 2575 its

221 2608 289 2658 ous’
331 2605 595 2664 commemoratio,
632 2605 735 2655 ‘men-
757 2603 845 2653 clause
867 2608 896 2652 to
924 2606 1043 2656 contrast
1070 2602 1179 2665 sharply
1202 2593 1267 2652 aith

148 2715 160 2735 e
222 2684 309 2734 tionz’
324 2679 732 2743 seconcommemorabat,§18.
759 2680 854 2729 Gallos
877 2677 905 2740 (1.
929 2678 981 2740 28).
1016 2677 1122 2727 huius:
1145 2678 1189 2727 ior
1208 2691 1267 2727 case

221 2761 245 2810 6.
281 2761 381 2817 stiam,
406 2760 539 2821 ‘indeed’
565 2759 736 2822 introducing
758 2757 792 2806 cf.
804 2757 925 2817 patriae,
940 2756 953 2816 ξ
967 2756 1004 2804 19.
1020 2756 1057 2805 16.

222 2837 358 2887 asecond
382 2842 440 2900 step
465 2838 558 2886 iubis
582 2841 733 2898 argument,
789 2831 889 2881 32-34.
907 2830 973 2880 Sed
1006 2834 1126 2881 tamen:
1159 2845 1203 2881 see
1231 2845 1267 2881 on

202 2913 343 2962 clinclred
364 2914 397 2975 by
419 2915 474 2963 tant
496 2928 566 2972 aero,
589 2913 603 2974 ξ
627 2913 666 2962 38.
692 2911 731 2963 27.
758 2909 916 2958 Mur.48.l.
947 2907 1069 2958 nescire
1079 2907 1267 2966 certum,‘he

222 2990 446 3038 auctoritates.
463 3026 469 3037 .
486 3026 491 3037 .
506 2989 733 3050 colligeret,
757 2988 836 3035 knew
848 2986 964 3049 nothing
975 2984 1106 3034 certain:’
1125 2988 1228 3036 certam
1246 2985 1267 3033 is

224 3066 293 3114 ‘was
312 3066 436 3129 bringing
455 3071 482 3114 to
503 3067 566 3115 bear
588 3065 634 3115 the
656 3063 734 3113 influ-
757 3064 822 3112 used
834 3061 1264 3124 substantivelyasdirectobject.

222 3155 291 3191 enee.
305 3143 334 3191 of
353 3142 459 3204 leading
479 3156 539 3192 men
562 3143 588 3190 in
609 3142 655 3191 tire
672 3155 734 3190 con·
755 3143 823 3188 tum
841 3138 990 3200 denique:
1013 3138 1061 3187 the
1079 3138 1196 3199 dentque
1214 3151 1267 3188 em·

222 3218 345 3281 spiracy.’
376 3219 428 3268 For
446 3219 531 3280 plural
552 3219 734 3268 auctoritates
756 3217 878 3278 phasizes
896 3217 942 3265 the
961 3218 1017 3265 tam
1027 3230 1038 3279 ,·
1058 3216 1112 3277 i.e.,
1126 3215 1169 3264 iris
1186 3219 1267 3264 state·

221 3295 256 3344 ci.
266 3309 374 3356 operae,
385 3297 403 3356 ᾗ
414 3296 453 3344 26.
467 3296 496 3356 93
508 3295 550 3344 ior
562 3283 732 3350 translation,
756 3299 831 3343 ment
846 3294 934 3356 might
951 3294 1020 3342 bave
1038 3293 1105 3341 been
1123 3292 1267 3354 damaging

222 3371 259 3420 11.
285 3370 330 3420 10.
358 3373 395 3421 15.
447 3372 620 3428 nobilitate,
652 3370 732 3433 ‘high
756 3377 783 3419 at
791 3371 906 3419 another
915 3370 988 3430 time,
999 3365 1078 3418 w'lren
1086 3369 1132 3418 the
1142 3369 1265 3431 question

222 3449 309 3499 rank)
756 3447 808 3496 had
822 3453 870 3496 not
882 3447 949 3495 been
961 3450 1011 3508 put
1024 3460 1054 3496 so
1066 3445 1185 3508 directly.

254 3526 317 3588 538.
337 3525 732 3578 27-31.1amve10:see0n
787 3524 851 3585 §39.
871 3522 916 3571 36.
943 3523 981 3570 in
1014 3522 1191 3580 indiciis,
1223 3521 1266 3571 ‘in

222 3601 258 3651 ΙΙ.
278 3602 355 3662 821,
370 3604 422 3652 and
441 3617 475 3653 on
519 3602 557 3654 37.
572 3603 611 3652 23.
646 3600 732 3657 illud,
756 3606 866 3649 matters
899 3600 929 3650 of
961 3597 1109 3651 evidence!
1159 3610 1266 3660 quaes·

221 3683 282 3739 eta,
302 3678 366 3727 ‘tlte
390 3684 536 3727 statement
556 3682 657 3726 cannot
673 3691 733 3739 pos·
754 3676 901 3732 tionibus,
921 3674 1061 3724 ‘criminal
1081 3674 1199 3735 courts:’
1223 3687 1267 3725 sec

220 3752 289 3816 sibly
311 3755 343 3803 be
371 3756 449 3805 made
476 3753 544 3819 good
571 3754 640 3816 that,
669 3752 729 3803 etc.’
755 3753 818 3801 lixo.
839 3751 910 3814 Il.§
935 3753 956 3800 1.
