2678 4260
141 239 205 310 152
460 251 533 305 rao
555 252 586 305 n.
611 249 771 306 nonani
794 250 941 306 onnrro.

192 452 270 496 vera
292 432 378 496 male
401 428 536 495 dicendi
564 429 708 494 facultas
729 427 771 493 de
794 430 865 494 vita
880 429 918 492 L.
943 429 1105 495 Murenae
1128 423 1237 495 dicere

191 535 320 621 aliquid
336 536 492 623 coegerit.
540 533 682 599 Obiecta
697 541 749 598 est
765 534 859 598 enim
875 535 977 610 Asia3
1001 554 1088 620 quae
1111 532 1153 598 ab
1174 533 1237 597 hoc

191 663 258 705 non
283 640 326 706 ad
352 642 562 726 voluptatem
588 647 624 705 et
654 640 824 703 luxuriam
861 641 1013 725 expetita
1036 646 1097 717 est,
1120 638 1239 704 sedin

141 761 170 807 10
192 746 328 810 militari
359 745 469 810 labore
504 752 689 831 peragrata.
752 742 821 823 Qui
851 745 879 809 si
910 735 1106 810 adulescens
1144 750 1239 829 patre

191 873 253 915 suo
276 852 474 936 imperatore
500 870 567 913 non
599 849 785 933 meruisset,
809 857 871 913 aut
891 849 1022 915 hostem
1044 857 1105 914 aut
1134 849 1239 934 patris

192 957 369 1040 imperium
385 955 538 1020 timuisse
554 961 615 1018 aut
637 974 657 1017 a
681 961 818 1038 parente
843 950 1039 1039 repudiatus
1056 952 1237 1020 videretur.

192 1060 260 1136 An,
287 1081 363 1124 eum
394 1058 507 1124 sedere
533 1060 568 1122 in
599 1058 695 1142 equis
726 1058 1006 1144 triumphantium
1036 1057 1239 1147 praetextati

192 1164 400 1248 potissimum
425 1163 485 1227 filii
511 1163 651 1238 soleant,
677 1161 756 1226 huic
782 1161 878 1228 donis
907 1162 1107 1228 militaribus
1134 1162 1239 1247 patris

141 1283 170 1328 15
193 1267 399 1352 triumphurn
426 1266 580 1332 decorare
612 1265 814 1352 fugiendum
845 1265 923 1343 luit,
955 1274 996 1331 ut
1025 1266 1123 1331 rebus
1154 1287 1239 1330 com·

193 1373 339 1436 inaniter
363 1372 468 1458 gestis
492 1393 597 1457 paene
628 1371 729 1436 simul
759 1393 836 1436 cum
866 1379 961 1457 patre
992 1370 1238 1457 triumpharet?

142 1478 181 1542 12
197 1475 263 1540 Hic
289 1497 378 1552 vero,
406 1474 546 1552 iudices,
572 1484 608 1542 et
633 1475 701 1540 init
727 1476 763 1540 in
790 1477 874 1540 Asia
897 1485 932 1542 et
950 1477 1021 1540 viro
1045 1475 1238 1562 fortissimo,

192 1582 325 1666 parenti
349 1603 565 1668 suo‚3magno
590 1580 784 1645 adiumento
808 1582 843 1644 in
868 1581 1038 1666 periculis,
1057 1580 1181 1663 solacio
1204 1581 1238 1643 in

193 1684 371 1762 laboribus,
396 1685 617 1772 gratulationi
647 1685 684 1747 in
708 1685 850 1749 victoria
879 1685 956 1750 fuit.
1003 1684 1050 1751 Et
1079 1685 1108 1749 si
1138 1683 1240 1748 habet

140 1803 170 1850 ao
192 1790 275 1854 Asia
289 1790 516 1875 suspicionem
535 1789 688 1853 luxuriae
715 1788 894 1874 quandam,
911 1810 978 1853 non
1004 1789 1122 1854 Asiam
1146 1809 1240 1852 num-

192 1915 293 1979 quam
319 1893 455 1970 vidisse,
472 1892 532 1958 sed
552 1894 589 1956 in
612 1892 697 1957 Asia
719 1894 931 1958 continenter
957 1894 1081 1958 vixisse
1103 1892 1239 1957 laudan-

192 1998 273 2062 dum
288 2006 350 2064 est.
379 2028 382 2032 “
397 1996 651 2078 Quamobrem
666 2019 734 2062 non
755 1998 856 2062 Asiae
879 2019 1003 2062 nomen
1026 1996 1238 2062 obiciendum

192 2101 354 2168 Murenae
379 2101 456 2180 fuit,
482 2123 525 2168 ex
552 2098 621 2188 qua
645 2101 719 2166 laus
744 2100 900 2179 familiae,
932 2102 1090 2167 memoria
1112 2103 1239 2188 generi,

192 2207 296 2272 honos
319 2215 355 2271 et
372 2207 478 2293 gloria
501 2207 628 2271 nomini
654 2206 839 2271 constituta
863 2213 924 2283 est,
940 2205 1001 2271 sed
1020 2205 1159 2291 aliquod
1181 2213 1241 2270 aut

140 2328 170 2374 25
192 2313 227 2375 in
250 2312 334 2375 Asia
358 2319 552 2397 susceptum
578 2318 639 2375 aut
664 2332 707 2376 ex
733 2311 817 2374 Asia
842 2310 1055 2396 deportatum
1073 2309 1240 2399 flagitium

193 2571 279 2621 istos:
296 2584 340 2620 see
350 2583 386 2619 on
396 2569 430 2631 1,
441 2569 467 2618 2.
480 2568 518 2621 17.
552 2568 606 2619 lex
616 2579 706 2617 aoou-
726 2562 840 2618 father's
851 2568 982 2632 triumph.
1018 2569 1053 2619 In
1062 2567 1109 2618 the
1118 2567 1240 2632 triumph

192 2645 316 2704 satoria,
330 2646 415 2696 ‘iixed
433 2646 518 2708 habit,
531 2645 638 2709 regular
649 2659 707 2695 cus-
727 2645 773 2694 the
790 2645 898 2708 general
915 2659 986 2695 wore
1003 2659 1039 2695 an
1056 2645 1240 2696 embroidercd

194 2728 259 2784 tom,
282 2724 312 2773 oi
336 2722 486 2773 accusers:’
516 2736 560 2772 see
582 2737 619 2772 on
648 2736 706 2772 eom
727 2728 788 2783 toga
805 2721 836 2782 (t.
846 2721 948 2783 picra),
962 2721 1016 2770 and
1028 2735 1083 2771 was
1100 2722 1192 2771 drawn
1211 2721 1240 2770 in

194 2796 366 2860 (lepemlio.
385 2801 409 2849 2.
726 2812 799 2847 acar
810 2798 844 2860 by
856 2798 919 2848 iour
933 2799 1034 2848 horsea.
1070 2798 1166 2848 Beside
1182 2799 1240 2848 him

224 2875 306 2924 8-10.
323 2875 409 2933 Aera,
421 2874 514 2940 brieily
527 2879 576 2939 put
593 2875 636 2925 for
648 2876 706 2925 viia
726 2882 768 2924 sat
786 2875 829 2924 iris
844 2888 965 2938 younger
980 2875 1115 2937 clrildren3
1137 2889 1173 2924 on
1193 2875 1240 2925 the

193 2953 223 3001 in
249 2952 320 3001 Asia
349 2954 467 3013 turpiter
495 2955 568 3003 acto.
620 2963 706 3013 quaa,
726 2951 818 3001 horses
830 2952 893 3001 rode
904 2951 948 3000 his
960 2965 1023 3002 sons
1034 2952 1095 3002 who
1104 2965 1173 3001 were
1185 2950 1240 3001 still

194 3029 361 3078 adversative
374 3052 399 3078 =
412 3043 445 3079 eo
473 3033 572 3080 autem.
620 3040 706 3090 pera·
723 3030 891 3090 praetextati
900 3027 955 3091 (see
963 3042 998 3078 on
1006 3028 1054 3089 11.,
1064 3026 1150 3090 4.-24),
1161 3027 1241 3085 while

194 3109 287 3167 grata.
297 3106 324 3154 in
336 3105 451 3157 allusion
462 3103 637 3156 toMureira’s
649 3119 707 3155 sev·
726 3106 802 3155 those
819 3106 881 3154 who
897 3105 951 3154 had
970 3105 1094 3155 assumed
1112 3105 1159 3154 the
1176 3108 1241 3166 ioca

194 3182 249 3232 eral
266 3183 429 3246 campaigns.
725 3181 813 3232 virilis
835 3181 959 3231 followed
983 3196 1018 3231 on
1042 3183 1120 3232 other
1137 3183 1237 3233 horsea.

112 3278 121 3293 ι
225 3258 271 3307 11.
289 3259 460 3317 meruisset.
492 3258 629 3309 ‘servedz’
659 3259 705 3308 the
726 3257 843 3307 donis
875 3258 1069 3316 militaribus,
1104 3257 1241 3322 ‘trophies

194 3335 243 3385 full
256 3336 353 3398 phrase
365 3337 387 3386 is
404 3336 542 3397 stipendio
559 3351 593 3385 m.
626 3333 672 3397 (ci.
686 3334 703 3384 l.
726 3349 787 3385 wou
815 3335 843 3383 in
873 3335 948 3396 war,'
979 3336 1045 3384 such
1073 3350 1102 3385 as
1135 3335 1239 3396 collars,

194 3411 297 3475 26);for
314 3426 329 3461 a
346 3412 447 3462 similar
464 3413 593 3462 omission
610 3412 639 3461 oi
661 3411 707 3460 the
726 3425 837 3472 crowns,
860 3412 998 3474 bracelets,
1020 3418 1080 3473 etc,
1102 3413 1183 3474 given
1206 3411 1242 3474 by

194 3488 283 3550 object
296 3489 351 3537 ina
367 3488 535 3551 stereotyped
552 3489 657 3551 phrase,
671 3487 705 3537 ci.
727 3489 774 3536 the
796 3489 968 3538 commander
995 3489 1038 3537 for
1063 3489 1242 3550 conspicuous

194 3564 364 3629 solventibus,
377 3568 390 3627 t
401 3566 424 3614 4.
438 3565 478 3615 24.
728 3564 846 3626 bravery.

226 3639 331 3698 1³,14.
350 3641 418 3691 Cato
435 3655 521 3692 seems
538 3647 567 3693 to
583 3642 653 3690 have
670 3654 709 3691 re·
760 3642 772 3701 t
790 3642 827 3689 12.
846 3640 892 3690 19.
909 3639 1037 3698 habet,
1084 3639 1239 3702 ‘involves,’

195 3718 329 3779 proaclred
348 3718 462 3767 Murena
479 3717 545 3766 with
562 3721 608 3767 too
627 3718 709 3765 much
731 3714 891 3776 ‘amalraus’
920 3716 1074 3780 ‘suggests'
1099 3717 1242 3783 according

194 3793 294 3859 parade
321 3806 357 3845 on
385 3794 432 3843 the
459 3793 583 3843 occasion
611 3792 640 3842 oi
666 3792 709 3842 his
729 3797 758 3842 to
769 3793 817 3841 the
828 3799 946 3843 context.
