2678 4260
463 271 518 327 nr.
543 271 634 338 xvi,
658 272 673 338 s
694 270 750 326 s-c.
1113 257 1177 330 405

79 445 205 515 tionem
232 444 409 533 pertimui3
433 446 622 533 digressum
645 469 723 512 vero
748 468 815 510 non
843 446 1005 522 tulissem,
1022 453 1124 533 atque

78 554 179 617 etiam
205 551 240 616 id
266 553 386 637 ipsum,
404 551 495 636 quod
522 558 560 615 tu
587 550 715 626 scribis,
739 550 940 628 metuebam,
965 572 1006 616 ne
1030 573 1050 616 a
1074 574 1126 618 me
1148 565 1178 611 55

78 656 219 722 distrahi
235 679 302 720 non
326 678 450 741 posses
497 655 560 720 His
576 654 617 719 de
634 656 743 720 causis
766 656 828 720 hoc
853 656 1037 720 maximum
1060 678 1125 721 ma-

77 761 159 838 lum,
176 760 269 846 quod
286 768 320 826 te
345 764 411 824 non
429 759 509 835 vidi,
527 781 594 844 quo
617 759 702 823 nihil
729 760 964 824 amantissimis
992 768 1027 825 et
1050 782 1125 826 oon·

76 865 295 930 iunctissimis
311 863 470 929 fratribus
486 862 636 928 acerbius
648 862 784 929 videtur
796 863 945 928 accidere
963 866 1122 950 potuisse,

76 969 187 1034 minus
203 968 369 1044 acerbum,
387 969 497 1031 minus
515 968 672 1032 miserum
696 966 773 1044 fuit,
793 989 892 1052 quam
911 968 1032 1035 fuisset
1048 993 1124 1036 cum
1147 984 1177 1029 se

76 1073 276 1159 congressio,
293 1079 367 1136 tum
390 1094 468 1137 vero
491 1071 654 1158 digressio
677 1079 802 1135 nostra.
849 1072 958 1150 Nunc,
977 1076 1005 1138 si
1028 1079 1161 1160 potest

76 1176 120 1253 id,
138 1176 229 1262 quod
245 1199 318 1263 ego,
335 1177 394 1261 qui
411 1176 471 1241 tibi
484 1169 614 1261 semper
625 1175 721 1241 lortis
735 1172 880 1253 videbar,
896 1200 962 1242 non
974 1201 1121 1263 possum,

75 1283 165 1368 erige
194 1289 227 1347 te
256 1290 292 1347 et
318 1269 530 1358 confirmasi
558 1302 625 1365 qua
646 1280 822 1346 subeunda
845 1281 1015 1349 dimicatio
1038 1286 1119 1350 erit:

75 1410 182 1473 spero,
213 1388 243 1453 si
274 1387 356 1472 quid
388 1409 461 1451 mea
490 1408 567 1471 spes
605 1386 706 1451 habet
744 1389 964 1465 auctoritatis,
996 1389 1058 1454 tibi
1087 1397 1123 1455 et

75 1493 304 1579 integritatem
321 1501 414 1556 tuam
431 1497 466 1556 et
481 1513 627 1555 amorem
644 1492 677 1554 in
704 1499 738 1556 te
765 1480 911 1557 civitatis
937 1501 971 1557 et
993 1494 1122 1579 aliquid

75 1599 174 1663 etiam
197 1596 464 1662 misericordiam
477 1597 583 1661 nostri
606 1596 762 1681 praesidii
786 1597 948 1673 laturam3
981 1599 1034 1662 sin
1057 1601 1122 1665 eris
1144 1613 1174 1658 os

74 1703 116 1768 ab
130 1705 195 1768 isto
211 1705 360 1789 periculo
377 1725 517 1780 vaenue,
534 1724 611 1790 ages
635 1704 772 1779 scilicet,
789 1704 817 1768 si
841 1702 924 1787 quid
947 1706 1001 1791 agi
1023 1728 1120 1791 posse

75 1807 116 1873 de
147 1809 241 1874 nobis
272 1808 415 1894 putabis.
463 1808 515 1873 De
547 1830 614 1893 quo
645 1807 796 1872 scribunt
826 1806 869 1871 ad
900 1830 952 1873 me
984 1810 1120 1894 quidem

74 1914 174 1977 multi
190 1915 297 1979 multa
313 1922 348 1978 et
368 1935 404 1978 se
427 1935 559 1998 sperare
583 1912 833 1987 demonstrant;
858 1911 917 1977 sed
938 1935 1011 2000 ego,
1028 1917 1120 2000 quod

74 2040 212 2103 sperem,
235 2040 301 2082 non
324 2018 475 2103 dispici0,
504 2040 579 2082 cum
608 2017 734 2089 inimici
762 2018 945 2102 plurimum
975 2019 1118 2098 valeant,

74 2123 171 2187 amici
195 2124 317 2208 partim
338 2122 548 2188 deseruerint
563 2143 624 2198 me,
642 2122 763 2206 partim
786 2123 886 2186 etiam
903 2122 1120 2207 prodiderint,
1144 2141 1174 2188 ro

75 2228 183 2311 quiin
200 2249 273 2293 meo
297 2227 409 2293 reditu
433 2227 573 2292 fortasse
598 2225 887 2309 reprehensionem
911 2228 962 2291 sui
986 2228 1119 2295 sceleris

74 2333 323 2416 pertimescunt.
370 2331 446 2408 Sed,
464 2332 529 2395 ista
545 2331 657 2414 qualia
673 2330 750 2404 sint,
767 2336 805 2393 tu
823 2330 924 2396 velim
941 2335 1120 2417 perspicias

73 2437 222 2521 mihique
239 2436 396 2502 declares.
445 2437 518 2522 Ego
535 2442 657 2508 tamen,
676 2434 837 2517 quamdiu
859 2435 919 2499 tibi
946 2457 1029 2520 opus
1045 2439 1118 2514 erit,

73 2541 101 2604 si
127 2540 209 2625 quid
228 2542 369 2625 periculi
392 2538 604 2607 subeundum
628 2536 766 2614 videbis,
784 2539 914 2604 vivam:
939 2539 1068 2605 diutius
1084 2542 1118 2605 in

72 2642 134 2708 hac
150 2645 221 2709 vita
237 2667 308 2710 esse
325 2667 392 2710 non
416 2666 570 2731 possum3
595 2662 704 2726 neque
717 2643 818 2706 enim
842 2652 976 2708 tantum
998 2646 1120 2710 virium
1143 2667 1172 2714 tt

73 2747 173 2813 habet
203 2750 273 2814 ulla
302 2758 363 2814 aut
393 2749 572 2836 prudentia
609 2754 671 2812 aut
709 2746 870 2825 doctrina,
910 2757 950 2814 ut
986 2758 1119 2815 tantum

72 2851 221 2918 dolorem
258 2856 363 2939 possit
400 2856 575 2920 sustinere.
623 2851 699 2917 Scio
739 2851 843 2918 fuisse
881 2860 916 2918 et
945 2853 1157 2919 honestiust

104 3033 207 3084 54-5r.
241 3047 304 3084 non
315 3036 465 3094 tulissem,
491 3035 584 3087 ‘could
610 3034 675 3085 Sull.
700 3034 726 3083 2.
749 3037 788 3085 20.
823 3035 976 3098 praesidii,
994 3037 1121 3098 partitive

72 3115 121 3160 not
137 3111 206 3160 have
223 3110 332 3161 bome:'
352 3113 398 3161 the
411 3114 470 3162 idea
481 3113 510 3163 oi
527 3127 586 3175 pos·
611 3112 676 3161 with
697 3112 805 3174 aliquid
826 3113 872 3162 the
889 3113 978 3174 obiect
998 3113 1027 3162 oi
1049 3113 1121 3162 iuiu-

72 3187 173 3250 sibility
193 3187 243 3238 lies
269 3189 296 3237 in
321 3189 367 3238 the
390 3189 516 3250 thought,
536 3194 584 3238 not
609 3201 677 3237 rum.
1015 3247 1017 3250 y

72 3264 120 3312 tire
136 3266 229 3314 meod:
251 3265 285 3314 ci.
306 3265 372 3316 Suii.
386 3266 431 3314 44.
456 3264 500 3327 343
523 3279 585 3328 sup·
641 3263 742 3312 67-73.
765 3264 811 3316 De
834 3278 896 3328 quo
916 3265 999 3315 reiers
1021 3270 1050 3316 to
1072 3269 1118 3328 cpi

71 3339 118 3402 ply
145 3341 193 3390 the
225 3343 341 3404 protasis
374 3341 515 3405 suggested
549 3356 582 3391 on
606 3354 693 3401 possm.
736 3342 827 3390 multi
853 3342 965 3391 multa:
992 3342 1118 3393 different

71 3415 122 3477 Ep.
142 3416 205 3467 XV.
220 3417 294 3466 1.12.
338 3412 446 3479 quod.
464 3453 469 3465 .
487 3453 493 3465 .
510 3417 583 3474 vidi,
608 3430 682 3466 cases
704 3419 734 3467 oi
756 3419 803 3468 the
825 3433 898 3468 same
916 3419 988 3469 word
1011 3421 1118 3482 acquire

71 3505 101 3540 as
118 3491 146 3540 in
164 3491 213 3550 §2
233 3495 265 3543 20
281 3508 312 3543 or
326 3494 352 3542 in
372 3494 489 3555 5226?
608 3494 744 3556 emphasis
763 3495 797 3557 by
814 3495 1021 3557 juxtaposition.
1057 3496 1118 3545 dis·

104 3570 118 3628 §
140 3569 163 3617 5.
189 3568 235 3617 6⁵.
268 3570 376 3628 nostri,
404 3583 464 3631 gen.
493 3569 528 3632 pl.
555 3571 585 3620 oi
607 3570 705 3631 picioz
728 3571 772 3619 ior
789 3573 916 3634 meaning
938 3587 1031 3623 seeon
1049 3572 1114 3624 Sull.

72 3658 129 3705 epo.
154 3645 207 3706 obj.
232 3646 262 3694 oi
287 3647 511 3706 misericordiam,
536 3653 583 3695 not
607 3647 653 3696 40.
670 3647 692 3699 7.
728 3647 848 3708 partim,
871 3661 901 3697 as
925 3649 951 3696 in
977 3650 1046 3699 Mur.
1072 3648 1118 3698 ⁵1.

72 3720 219 3768 connected
243 3725 271 3769 at
293 3721 329 3770 all
349 3721 415 3771 with
430 3722 583 3782 praesidii:
607 3723 646 3772 26.
689 3722 750 3771 tibi
773 3735 865 3786 opus:
893 3737 930 3774 sc.
954 3739 996 3775 me
1018 3727 1115 3790 eicere,

71 3795 116 3848 ior
126 3795 183 3847 this
200 3796 334 3848 awkward
352 3797 469 3862 position
486 3811 530 3848 sce
547 3812 582 3848 on
607 3798 677 3850 irom
689 3799 737 3849 the
748 3799 890 3864 following
900 3801 997 3855 uicum.
