2678 4260
460 273 540 326 cae.
565 276 589 338 r,
614 271 626 331 t
651 274 737 326 iero.
1107 258 1172 328 565

70 447 259 514 Romanum
291 443 328 510 P.
361 447 512 523 Clodius,
546 446 592 509 M.
627 447 809 530 Papirium,
838 447 1023 524 occidisset,
1052 470 1119 512 non

68 553 136 617 fuit
167 552 252 614 illud
284 551 414 615 facinus
446 551 653 636 puniendum
680 550 796 634 (homo
824 552 912 614 enim
941 551 1060 617 nobilis
1084 554 1116 615 in

67 659 137 722 suis
162 658 377 720 monimentis
404 657 551 739 equitem
578 657 765 719 Romanum
789 655 996 739 occiderat);
1029 677 1118 721 nunc

67 761 216 826 eiusdem
251 761 380 844 Appiae
420 781 541 823 nomen
574 768 717 842 quantas
751 758 938 844 tragoedias
970 759 1117 824 excitat!

68 866 163 945 Quae
191 873 365 930 cruentata
390 873 488 928 antea
516 863 615 928 caede
644 864 775 927 honesti
801 871 903 948 atque
932 866 1120 930 innocentis
1142 881 1172 927 ao

66 971 131 1035 viri
158 971 328 1046 silebatur,
361 968 477 1033 eadem
509 990 597 1032 nunc
625 966 739 1031 erebro
771 976 963 1052 usurpatur,
990 976 1120 1053 postea-

66 1095 168 1158 quam
183 1076 323 1138 latronis
340 1081 375 1138 et
397 1071 580 1157 parricidae
607 1073 770 1157 sanguine
798 1071 926 1136 imbuta
945 1080 1004 1137 est.
1052 1071 1118 1137 Sed

66 1178 150 1262 quid
188 1201 249 1264 ego
288 1178 347 1241 illa
385 1177 629 1241 commemoro?
687 1175 956 1258 Comprehensus
994 1184 1045 1240 est
1082 1178 1116 1239 in

66 1283 192 1366 templo
223 1282 372 1346 Castoris
405 1302 521 1345 servus
553 1279 590 1341 P.
623 1279 731 1354 Clodi,
760 1301 861 1362 quem
891 1279 948 1343 ille
979 1280 1021 1343 ad
1053 1280 1114 1344 Cn.

66 1387 266 1471 Pompeium
298 1384 567 1449 interficiendum
599 1383 786 1447 collocarat.
844 1384 986 1447 Extorto
1013 1391 1064 1448 est
1087 1386 1119 1448 ei
1142 1401 1170 1446 aa

65 1492 238 1556 confitenti
265 1491 333 1553 sica
357 1489 397 1553 de
425 1488 588 1551 manibus.
637 1486 755 1550 Caruit
780 1487 852 1552 loro
879 1496 995 1574 postea
1022 1488 1118 1552 Pom-

65 1598 170 1680 peius,
188 1595 296 1658 caruit
314 1600 445 1668 senatu,
463 1593 571 1655 caruit
594 1590 746 1674 publioo;
771 1592 871 1654 ianua
895 1613 929 1655 se
954 1614 991 1656 ac
1015 1593 1118 1676 parie-

64 1700 166 1773 tibus,
184 1720 249 1761 non
268 1699 339 1762 iure
356 1698 470 1782 legum
486 1695 754 1778 iudiciorumque
780 1697 877 1759 texit.
913 1695 1013 1758 'Num
1031 1718 1116 1780 quae

63 1804 193 1888 rogatio
232 1802 309 1875 lata,
342 1823 422 1864 num
453 1822 539 1884 quae
571 1819 658 1863 nova
695 1800 846 1883 quaestio
878 1799 1011 1864 decreta
1041 1801 1118 1864 est?
1140 1816 1170 1862 39

63 1907 184 1990 Atqui,
213 1907 242 1968 si
269 1926 330 1980 rea,
358 1906 387 1967 si
415 1905 476 1980 vir,
504 1906 533 1967 si
561 1913 694 1988 tempus
727 1906 836 1968 ullum
866 1905 1008 1991 dignum
1038 1904 1114 1981 fuit,
1133 1911 1169 1973 19

62 2020 153 2075 certe
177 2010 257 2073 haec
281 2010 316 2071 in
340 2009 397 2071 illa
424 2030 524 2072 causa
546 2030 677 2072 summa
699 2010 811 2072 omnia
838 2008 988 2089 fuerunt.
1035 2009 1116 2072 Insi-

62 2115 172 2179 diator
203 2122 274 2176 erat
300 2114 334 2175 in
358 2111 430 2177 foro
457 2112 640 2177 collocatus
666 2120 768 2197 atque
793 2115 827 2175 in
851 2113 1018 2178 vestibulo
1041 2113 1115 2198 ipso

61 2226 209 2293 senatus
238 2219 268 2280 ei
295 2218 367 2281 viro
394 2224 509 2280 autem
536 2239 623 2280 mors
652 2217 838 2300 parabatur,
867 2217 962 2281 cuius
986 2219 1020 2280 in
1044 2219 1115 2283 vita

61 2322 233 2386 nitebatur
247 2320 338 2384 salus
354 2321 512 2396 civitatis,
529 2342 568 2384 eo
590 2342 687 2404 porro
712 2322 760 2386 rei
784 2321 937 2405 publicae
954 2330 1112 2407 tempore,

61 2448 129 2510 quo
160 2427 188 2490 si
220 2446 308 2488 unus
339 2425 396 2488 ille
425 2423 609 2499 cecidisset,
640 2447 707 2489 non
738 2426 818 2490 haec
846 2426 954 2490 solum
985 2428 1113 2503 civitas,
1136 2444 1166 2488 45

60 2530 120 2594 sed
150 2540 268 2616 gentes
300 2550 415 2592 omnes
447 2528 682 2594 concidissent.
729 2530 803 2594 Nisi
829 2553 916 2605 vero,
941 2533 1021 2616 quia
1044 2555 1114 2616 per·

60 2635 151 2699 fecta
174 2657 224 2698 res
248 2655 315 2697 non
339 2640 399 2708 est,
428 2655 495 2696 non
522 2633 591 2697 fuit
617 2634 822 2718 poenienda3
854 2635 992 2719 proinde
1016 2637 1112 2720 quasi

60 2740 174 2802 exitus
187 2760 307 2812 rerum,
321 2758 387 2800 non
404 2737 577 2800 hominum
590 2738 729 2801 consilia
745 2737 874 2824 legibus
888 2738 1111 2803 vindicentur.

61 2843 178 2905 Minus
202 2839 386 2904 dolendum
409 2839 476 2904 fuit
498 2863 532 2904 re
549 2862 616 2904 non
634 2840 791 2924 perfecta,
808 2841 867 2905 sed
890 2842 1114 2925 poeniendum
1136 2859 1166 2905 49

94 3117 108 3177 ς
126 3116 164 3165 18.
184 3112 286 3162 26-36.
313 3113 478 3174 Papirium,
503 3129 575 3164 mur-
602 3114 631 3163 ei
649 3114 688 3163 de
701 3115 858 3162 manibus:
876 3115 919 3164 lor
931 3129 1005 3165 cases
1022 3130 1065 3165 see
1077 3130 1114 3165 on

59 3192 141 3243 dered
158 3191 193 3252 by
205 3191 252 3238 the
264 3190 399 3239 followers
417 3191 446 3239 of
464 3190 575 3240 Clodius
602 3189 787 3252 1.16.35‚3o.
824 3191 931 3247 caruit,
946 3192 1027 3254 ‘kept
1038 3206 1114 3255 away

59 3271 89 3319 in
101 3269 132 3317 58
144 3269 173 3316 in
191 3281 207 3314 a
226 3266 333 3328 quarrel
352 3281 443 3315 cvera
463 3268 574 3329 hostage
601 3265 690 3314 from’

60 3346 150 3394 whom
168 3343 288 3403 Clodius,
300 3344 371 3391 fora
388 3344 475 3405 lieavy
488 3344 571 3404 bribe,
633 3343 696 3402 §lta
716 3341 817 3390 41-48.
835 3342 912 3392 haec
931 3344 1047 3392 omnia:
1072 3345 1114 3393 tor

61 3436 115 3470 was
127 3421 217 3482 trying
228 3426 257 3468 to
274 3424 319 3482 get
336 3419 405 3467 back
423 3419 534 3480 secretly
545 3425 574 3468 to
601 3417 700 3478 gender
717 3417 750 3465 cf.
772 3417 872 3466 11.19.
899 3420 936 3467 15.
972 3422 1112 3481 tempore

60 3501 103 3548 his
126 3499 218 3547 native
244 3497 316 3546 land.
353 3496 439 3555 Quae
467 3509 574 3546 cruen-
601 3504 677 3553 quo:
702 3493 736 3541 cf.
758 3492 823 3542 Sull.
844 3494 870 3540 1.
892 3496 933 3542 11:
957 3498 1062 3556 tempas
1083 3497 1113 3544 ia

59 3579 133 3632 tata,
153 3575 215 3623 ‘the
238 3573 404 3622 bloodstains
427 3587 499 3636 upon
523 3573 571 3621 it:’
601 3582 663 3630 quo,
682 3569 737 3618 and
759 3569 868 3631 explain
888 3571 934 3618 the
953 3570 1065 3620 absence
1083 3571 1113 3619 of

59 3653 102 3700 for
120 3651 175 3699 this
195 3664 241 3699 use
262 3648 292 3697 oi
309 3649 355 3696 the
376 3648 516 3711 participle
536 3648 571 3697 cf.
600 3646 646 3694 the
664 3647 837 3707 proposition.
868 3647 1112 3696 exitus...eon·

58 3721 428 3785 Sull.³3.23;n1ur.³5.s.
464 3734 573 3770 servus
600 3722 676 3778 eilia,
701 3722 763 3772 ‘the
791 3723 885 3772 results
913 3723 942 3772 of
970 3729 1035 3785 acts,
1061 3730 1111 3774 not

58 3801 91 3852 P.
118 3799 221 3848 clodi:
251 3813 295 3849 see
321 3813 357 3847 on
380 3798 447 3848 Sest.
476 3797 522 3846 69.
548 3798 571 3851 t.
601 3798 688 3848 men’s
721 3799 890 3849 intentione!
941 3799 979 3849 Of
1017 3811 1111 3852 course
