2678 4260
465 261 545 316 cnr.
569 262 625 327 4-5,
651 260 665 328 s
689 261 775 317 mu.
1129 245 1195 317 439

141 451 177 502 V.
210 434 285 501 Hoc
309 436 457 501 adventu
486 437 524 501 P.
550 436 638 502 Sesti
665 437 874 501 tribunorum
902 437 947 521 pl.
969 459 1143 514 novorum,

98 542 158 626 qui
182 550 256 605 tum
279 543 438 605 extremis
466 541 583 605 diebus
607 543 801 606 consulatus
826 542 890 605 mei
910 563 961 605 res
978 563 1043 618 eas,
1060 562 1144 626 quas

97 667 276 732 gesseram,
293 667 416 710 vexare
440 645 630 730 cupiebant,
654 646 871 730 reliquaeque
903 647 1144 711 coniurationis

97 751 244 834 impetus
260 756 295 814 et
310 758 450 814 conatus
466 757 547 813 sunt
562 748 732 814 retardati.
779 749 832 813 Ac
855 757 1072 834 posteaquam
1093 757 1145 814 est
1160 749 1196 810 12

97 855 310 918 intellectum
342 853 388 916 M.
418 852 546 917 Catone
578 852 713 917 tribuno
744 853 801 937 pi,
829 852 1012 917 fortissimo
1042 860 1144 937 atque
1181 870 1195 912 s

97 958 224 1041 optimo
251 957 327 1032 civi,
347 978 416 1021 rem
444 956 614 1041 publicam
643 955 847 1021 defendente
878 978 937 1040 per
966 978 1001 1021 se
1032 957 1142 1040 ipsum

97 1068 252 1125 senatum
267 1062 498 1146 populumque
516 1061 705 1124 Romanum
721 1061 792 1124 sine
809 1060 955 1124 militum
976 1059 1141 1144 praesidio

98 1167 186 1229 tueri
210 1165 308 1229 facile
336 1165 509 1229 maiestate
533 1185 595 1228 sua
620 1164 818 1250 dignitatem
839 1184 966 1239 eorunr,
983 1165 1042 1248 qui
1057 1165 1143 1227 salu·

98 1277 165 1333 tem
182 1290 393 1333 communem
408 1269 558 1352 periculo
573 1289 634 1332 suo
650 1267 894 1344 defendissent,
912 1267 1043 1332 Sestius
1065 1289 1140 1331 eum

97 1373 156 1436 illo
172 1374 324 1436 exercitu
341 1393 471 1436 summa
487 1373 657 1436 celeritate
674 1370 712 1436 C.
732 1372 919 1435 Antonium
943 1380 1144 1436 consecutus
1168 1388 1201 1436 1o.

96 1484 157 1540 est.
204 1475 270 1540 Hic
287 1498 349 1562 ego
366 1475 450 1561 quid
473 1475 670 1560 praedicem,
689 1474 811 1559 quibus
835 1475 888 1538 hic
913 1474 1010 1539 rebus
1026 1497 1144 1540 consu·
1190 1473 1192 1477 ’

96 1582 162 1644 lem
180 1587 337 1665 quaestor
352 1580 395 1643 ad
410 1601 480 1644 rem
496 1578 676 1666 gerendam
698 1579 864 1654 excitarit,
881 1600 965 1664 quos
989 1579 1144 1644 stimulos

96 1684 284 1749 admoverit
298 1684 426 1747 homini
442 1683 593 1748 studioso
609 1682 749 1747 fortasse
767 1684 936 1758 victoriae,
953 1682 1012 1747 sed
1032 1690 1144 1747 tamen
1181 1762 1185 1767 ³

96 1790 236 1851 nimium
253 1809 465 1852 communem
481 1787 625 1851 Martem
641 1785 721 1851 belli
741 1808 925 1870 casumque
950 1787 1141 1851 metuenti?

96 1891 252 1978 Longum
280 1899 332 1955 est
358 1912 397 1955 ea
423 1891 542 1967 dicere,
567 1890 626 1956 sed
652 1891 714 1954 hoc
743 1889 843 1955 breve
873 1890 1001 1954 dicam:
1036 1888 1071 1953 si
1095 1890 1141 1953 M.
1167 1905 1194 1951 1⁶

95 1995 208 2061 Petrei
235 2017 302 2059 non
327 1995 495 2060 excellens
520 1995 651 2063 animus
667 2002 702 2058 et
717 2016 809 2057 amor
826 1995 874 2058 rei
895 1993 1058 2078 publicae,
1076 2014 1143 2056 non

95 2108 266 2184 praestans
282 2101 318 2162 in
342 2121 377 2164 re
404 2099 540 2184 publica
566 2100 685 2174 virtus,
703 2119 769 2161 non
801 2119 931 2162 summa
961 2098 1142 2162 auctoritas

95 2204 184 2288 apud
200 2204 334 2280 milites,
348 2225 416 2268 non
432 2203 592 2268 mirificus
608 2224 690 2267 usus
706 2203 741 2265 in
758 2224 792 2266 re
811 2203 946 2266 militari
963 2202 1142 2278 extitisset,

126 2421 152 2477 1,
164 2420 189 2469 2.
206 2420 403 2468 tribunorum
426 2455 432 2468 .
457 2455 463 2468 .
485 2455 491 2468 .
510 2431 607 2468 novo·
633 2418 769 2469 Martem
784 2419 866 2475 belli,
881 2418 1022 2468 ‘doubtful
1039 2433 1143 2470 success

94 2510 176 2546 rum:
195 2498 273 2546 those
292 2497 354 2546 who
365 2501 438 2546 went
455 2497 514 2545 into
530 2494 606 2545 office
631 2495 773 2546 inbattle!
808 2496 896 2556 Mars,
909 2496 961 2558 god
973 2496 1002 2546 of
1020 2509 1075 2544 war
1087 2495 1143 2558 (see

93 2574 158 2623 Dee.
174 2574 244 2636 loth,
257 2574 298 2634 63,
312 2572 455 2636 especially
467 2572 499 2633 Q.
513 2572 607 2622 Metel·
630 2571 745 2634 rosch),
759 2573 782 2622 is
793 2574 867 2622 often
881 2572 946 2622 used
959 2573 988 2622 of
1001 2571 1140 2633 ‘success’

93 2650 134 2699 lus
147 2650 238 2712 Nepos
249 2650 303 2699 and
317 2649 348 2700 L.
364 2649 526 2712 Calpurnius
543 2649 607 2699 Bes·
632 2647 767 2711 ‘victory,'
782 2649 836 2698 and
853 2649 875 2698 is
890 2648 976 2711 styled
993 2650 1142 2699 communia

93 2727 144 2775 tia:
172 2741 215 2776 see
237 2741 262 2789 p.
287 2726 327 2788 39,
351 2724 421 2783 §69.
457 2725 606 2775 extremis
629 2738 659 2774 as
670 2724 750 2787 being
762 2725 875 2774 neutral.

93 2800 213 2859 diebus,
242 2803 356 2852 because
390 2801 508 2851 Cicero's
537 2806 606 2851 term
661 2801 706 2858 15,
717 2801 762 2850 16.
779 2801 918 2863 Longum
929 2803 992 2851 est:
1009 2802 1052 2852 lor
1061 2802 1141 2852 meod

93 2878 278 2939 expiredDec.
292 2878 358 2927 31st.
629 2877 664 2926 ci.
688 2877 754 2927 Sull.
778 2877 825 2926 80.
848 2879 875 2939 ὃς
901 2877 922 2926 Ι.
947 2877 992 2925 12.
1015 2879 1055 2927 26.
1098 2877 1141 2926 M.

125 2953 187 3013 §12.
206 2951 230 2999 5.
239 2951 281 2999 Μ.
292 2949 425 3001 Catone:
436 2952 480 3001 for
488 2951 606 3002 Cicero’s
629 2953 739 3008 Petrei.
751 2967 767 3001 a
778 2953 872 3016 stur-dy
880 2954 924 3003 old
937 2953 1042 3015 soldier,
1053 2954 1083 3002 oi
1095 2954 1142 3003 the

93 3028 247 3090 opiniones
262 3028 321 3076 him
336 3041 380 3077 see
396 3029 446 3090 Ep.
461 3028 510 3078 IV.
525 3028 550 3076 ⁷.
562 3029 606 3089 813
629 3034 692 3091 type
699 3030 728 3079 oi
737 3029 882 3091 Labienus
894 3031 954 3079 who
963 3030 1140 3080 commanded

93 3107 128 3154 he
151 3106 205 3154 had
232 3104 310 3154 stood
332 3104 376 3154 ior
398 3105 446 3154 the
468 3105 605 3154 tribunale
629 3106 714 3155 inthe
723 3105 786 3155 final
796 3106 881 3155 battle
891 3105 1027 3169 (uenus)
1036 3107 1142 3168 against

93 3183 159 3230 with
177 3184 224 3230 the
240 3181 351 3231 avowed
372 3195 489 3244 purpose
510 3182 539 3230 oi
560 3195 606 3244 op-
629 3181 756 3243 Catilina,
775 3183 853 3232 when
873 3182 1012 3232 Antonius
1030 3196 1093 3244 was,
1110 3196 1142 3232 or

92 3258 189 3321 posing
201 3257 293 3307 Bestia
304 3258 357 3307 and
369 3258 469 3320 Nepos.
628 3259 774 3320 pretended
782 3265 811 3308 to
817 3259 859 3317 be,
869 3258 939 3308 uniit
946 3259 989 3308 for
996 3259 1071 3320 duty.
1090 3259 1141 3308 See

125 3333 227 3383 10-14.
252 3331 283 3382 Ο.
321 3334 503 3390 Antonium,
538 3334 604 3383 then
628 3335 693 3385 Eae.
708 3335 757 3386 IV.
772 3335 817 3383 59.
830 3336 890 3397 4-63
907 3335 953 3384 60.
967 3336 979 3385 1
992 3335 1046 3384 and
1058 3337 1081 3384 5.

92 3411 184 3474 faeing
200 3410 320 3461 Catilina
339 3411 368 3460 in
388 3411 505 3471 Etruria,
518 3424 544 3472 p.
562 3411 602 3472 32,
659 3411 705 3468 17,
717 3411 762 3460 18.
780 3411 812 3459 in
832 3424 865 3460 re
885 3411 1026 3472 publiea:
1047 3425 1082 3461 sc.
1096 3424 1141 3472 pe·

93 3486 157 3548 553.
192 3487 380 3548 praedicem,
392 3485 603 3535 excitarit:
627 3489 723 3549 rende,
743 3488 787 3537 ‘in
805 3487 1051 3538 administration:’
1074 3487 1140 3538 used

92 3563 201 3626 explain
234 3564 282 3613 the
309 3563 399 3614 mood.
442 3562 604 3612 consulem
627 3564 657 3614 oi
673 3578 728 3613 war
744 3578 774 3613 as
791 3564 848 3613 well
866 3578 896 3613 as
912 3563 942 3613 of
958 3564 1020 3613 civil
1037 3563 1138 3625 affairs,

93 3643 254 3702 quaestor:
285 3640 328 3690 for
354 3640 473 3702 position
496 3640 530 3688 cl.
559 3654 605 3690 voa
628 3642 680 3690 and
694 3641 829 3690 therefore
841 3645 890 3690 not
907 3639 1060 3689 contrasted
1073 3640 1140 3690 with

93 3718 178 3780 nobis,
195 3718 245 3780 §2-
260 3718 299 3767 20.
334 3719 453 3766 temen:
476 3717 565 3766 where
582 3717 605 3766 is
628 3730 657 3766 re
668 3717 792 3766 militari.
813 3715 981 3774 extimet,
992 3715 1140 3769 ‘hadbeen

92 3793 140 3846 the
150 3793 331 3847 concessioni
362 3804 605 3845 communem
628 3790 784 3861 duplaret)
