2678 4260
196 272 259 338 338
544 286 616 338 rao
638 288 667 338 r.
692 286 814 338 sunna
836 285 985 338 onnrro.

249 459 286 522 L.
304 458 417 524 Sullae
442 459 703 544 turbulentaque
729 460 867 524 victoria
890 460 966 545 quis
995 458 1032 522 P.
1050 457 1144 523 Sulla
1171 459 1294 537 mitior,

248 563 324 648 quis
341 563 584 628 misericordior
600 565 757 628 inventus
780 564 855 628 cst?
901 563 1011 642 Quam
1036 564 1219 628 multorum
1241 563 1295 629 hic

198 683 224 727 ro
248 667 351 733 vitam
377 675 429 733 est
454 689 474 732 a
502 668 540 731 L.
573 667 667 731 Sulla
698 667 915 752 deprecatus!
956 688 1055 752 quam
1087 668 1186 732 multi
1213 675 1296 732 sunt

246 773 369 836 summi
400 771 548 836 homines
577 778 611 835 ct
637 772 840 835 ornatissimi
868 779 902 836 et
929 772 1033 836 nostri
1064 779 1099 836 et
1128 772 1293 856 equestris

248 875 382 953 ordinis,
416 897 559 960 quorum
590 898 649 959 pro
680 875 789 940 salute
819 898 854 940 se
885 877 938 940 hic
970 875 1082 940 Sullae
1111 875 1292 962 obligavit!

248 978 343 1058 Quos
359 1002 420 1066 ego
438 981 643 1044 nominarem
662 982 789 1064 (neque
813 980 903 1043 enirn
927 980 989 1064 ipsi
1014 981 1135 1044 nolunt
1157 989 1192 1044 et
1216 980 1292 1044 huic

247 1084 356 1147 animo
373 1084 562 1169 gratissimo
587 1082 751 1167 adsunt);
782 1082 851 1160 sed,
869 1084 948 1167 quia
971 1084 1077 1148 maius
1100 1091 1152 1148 est
1175 1083 1294 1148 benefi-

196 1203 223 1247 15
245 1188 344 1263 cium,
365 1208 465 1270 quarn
493 1208 588 1270 posse
616 1187 716 1253 debet
743 1188 826 1253 civis
854 1188 920 1253 civi
947 1186 1035 1264 dare,
1053 1186 1127 1252 ideo
1153 1209 1174 1252 a
1199 1188 1292 1254 vobis

247 1299 333 1374 pem,
348 1299 395 1365 ut,
410 1290 501 1375 quod
517 1292 637 1375 potuit,
652 1293 792 1376 tempori
810 1292 976 1368 tribuatis
994 1291 1086 1376 quod
1108 1291 1199 1367 fecit,
1218 1281 1290 1376 ipsi.

195 1398 232 1461 73
246 1394 338 1473 Quid
361 1396 524 1480 reliquam
547 1398 769 1459 constantiam
794 1398 881 1461 vitae
906 1417 1168 1472 commemorem,
1185 1395 1292 1482 digni-

246 1506 359 1573 tatem,
383 1497 626 1575 liberalitatem,
655 1499 917 1564 moderationem
948 1502 982 1563 in
1014 1501 1155 1585 privatis
1182 1501 1289 1578 rebus,

245 1601 455 1686 splendorem
485 1603 520 1665 in
551 1603 721 1686 publicis?
756 1626 840 1688 quac
873 1605 920 1668 ita
951 1603 1135 1669 deformata
1164 1614 1246 1670 sunt
1272 1627 1290 1671 a

192 1721 222 1766 ao
243 1705 388 1782 fortuna,
407 1714 445 1770 ut
461 1715 572 1771 tamen
589 1729 608 1770 a
624 1717 743 1771 natura
759 1709 913 1773 inchoata
936 1716 1148 1793 conpareant.
1195 1709 1289 1790 Quae

245 1809 362 1874 domus
388 1811 566 1875 celebratio
590 1811 767 1888 cotidiana,
786 1834 870 1897 quae
895 1812 1110 1877 familiarium
1134 1813 1289 1901 dignitas

245 1937 328 2000 quae
352 1914 464 1980 studia
488 1917 678 1987 amicornm,
705 1938 790 2000 quae
815 1939 858 1981 ex
883 1939 1017 2002 qnoque
1042 1917 1157 1983 ordine
1180 1920 1290 1983 multi-

245 2018 346 2084 tudo!
394 2019 485 2084 Haec
502 2020 561 2083 din
578 2021 790 2105 multumque
813 2029 848 2085 et
872 2022 978 2086 multo
1003 2021 1114 2088 labore
1137 2025 1289 2108 quaesita

245 2145 311 2188 una
340 2125 465 2209 eripuit
495 2124 585 2189 hora.
631 2125 775 2210 Accepit
799 2125 836 2189 P.
865 2125 968 2203 Sulla,
999 2126 1136 2204 iudices,
1165 2128 1288 2194 vulnus

190 2245 219 2291 25
243 2230 421 2294 vehemens
438 2237 473 2295 et
488 2228 708 2307 mortiferum,
725 2251 842 2295 verum
859 2239 970 2295 tamen
987 2232 1064 2296 eius
1081 2231 1181 2308 modi,
1198 2233 1289 2317 qnod

243 2333 413 2400 videretur
425 2334 524 2398 huius
539 2335 609 2399 vita
620 2342 655 2398 et
667 2343 785 2399 natura
798 2336 947 2420 accipere
961 2337 1121 2420 potuisse.
1162 2336 1288 2402 Hones-

270 2514 352 2564 8-12.
375 2514 406 2562 L.
420 2513 527 2564 Sullae
539 2515 689 2564 victoria:
707 2510 761 2564 see
776 2519 899 2564 natura:
925 2517 959 2567 cf.
975 2518 988 2578 ξ
1006 2518 1045 2569 71.
1063 2519 1101 2567 aa.
1138 2529 1285 2580 conpara·

239 2606 274 2641 on
288 2591 339 2641 111.
354 2592 367 2653 ξ
380 2592 423 2652 243
443 2591 486 2639 for
497 2592 543 2640 the
562 2591 627 2640 mild
645 2606 751 2653 expres·
775 2595 837 2650 ant,
855 2593 933 2656 ‘may
951 2594 983 2643 be
1006 2595 1089 2644 seen)
1126 2592 1214 2654 Quae
1233 2596 1285 2645 do·

238 2669 298 2717 sion
310 2682 353 2717 see
363 2669 420 2729 on§
431 2669 469 2716 62.
480 2668 518 2719 27.
548 2680 582 2716 se
592 2668 751 2729 obligavit,
775 2681 850 2726 mus,
869 2676 930 2729 etc,
951 2670 1041 2720 ‘what
1058 2685 1074 2719 a
1091 2671 1180 2721 crowd
1198 2677 1227 2722 at
1244 2671 1285 2722 his

240 2745 295 2806 i.e.,
317 2744 394 2793 made
424 2745 532 2793 himself
559 2745 684 2806 iormally
712 2758 750 2794 re·
776 2746 858 2795 house
876 2749 942 2812 each
960 2747 1038 2810 dayl'
1074 2749 1133 2798 'l'he
1150 2750 1286 2799 reference

238 2821 374 2884 sponsible
386 2829 414 2868 to
426 2821 472 2868 the
484 2821 600 2869 dictator
620 2822 662 2869 ior
680 2821 750 2869 their
775 2823 796 2870 is
819 2827 848 2873 to
868 2824 914 2872 the
935 2825 1061 2888 morning
1084 2827 1237 2888 receptione
1258 2825 1286 2874 of

238 2898 306 2959 good
320 2897 453 2946 behavior.
776 2899 879 2947 Roman
903 2901 1004 2962 nobles,
1029 2907 1057 2950 at
1077 2916 1127 2951 one
1148 2903 1177 2951 oi
1196 2902 1285 2952 which

269 2973 315 3030 1⁵,
327 2972 373 3021 16.
397 2985 510 3034 quam
538 2985 657 3035 posse
682 3009 688 3021 .
712 3009 717 3021 .
743 3010 749 3020 .
774 2975 867 3026 Cicero
880 2992 933 3026 was
945 2984 973 3026 to
986 2979 1017 3027 be
1030 2979 1220 3030 assassinated.

239 3048 319 3107 dare,
343 3050 454 3099 because
482 3050 509 3097 in
530 3064 546 3098 a
568 3050 687 3112 republic
714 3065 749 3100 no
805 3052 907 3111 25,26‚
926 3053 1031 3115 quod
1053 3090 1059 3102 .
1082 3090 1088 3102 .
1111 3055 1284 3116 ‚potuim

238 3126 326 3174 man's
355 3126 402 3175 liic
430 3127 515 3188 ought
544 3132 572 3176 to
592 3127 624 3176 be
652 3128 749 3176 attho
775 3128 851 3178 ‘that
874 3131 916 3179 his
938 3132 986 3180 life
1008 3132 1061 3180 and
1090 3133 1238 3194 character,
1262 3132 1285 3182 lt

239 3216 327 3263 ruercy
355 3203 384 3252 oi
406 3203 527 3251 another.
586 3202 659 3252 ideo
683 3239 689 3250 .
713 3239 719 3250 .
743 3239 748 3251 .
773 3207 887 3268 seemed,
907 3209 991 3270 rnighi
1013 3209 1099 3258 admit
1116 3209 1145 3259 ol
1163 3208 1203 3259 in’
1240 3209 1283 3259 Hc

237 3278 304 3341 ipsi,
323 3278 373 3328 ‘on
391 3280 451 3328 that
468 3284 582 3328 account
600 3279 612 3327 I
630 3281 680 3342 bcg
697 3295 748 3342 you
774 3278 865 3332 rnc'ens
877 3284 937 3332 that
950 3285 1055 3346 bribery
1068 3299 1121 3334 was
1134 3299 1164 3335 so
1176 3285 1283 3348 general

238 3363 267 3404 to
278 3356 379 3404 ascribe
392 3356 434 3404 his
447 3370 537 3416 power
550 3355 634 3417 (quod
645 3355 747 3419 potuit)
774 3359 833 3407 that
848 3374 884 3410 no
902 3374 974 3421 inan,
989 3362 1114 3411 however
1125 3362 1284 3424 scrupulous

238 3438 266 3479 to
282 3433 327 3480 the
344 3433 431 3491 times,
446 3433 487 3480 his
502 3439 558 3480 acts
568 3433 653 3492 [quod
662 3432 746 3493 fecit)
774 3437 801 3483 in
818 3437 897 3484 other
914 3443 1040 3499 respecta,
1054 3451 1108 3487 was
1126 3439 1211 3489 above
1228 3454 1285 3489 sus·

238 3512 267 3554 to
279 3508 405 3555 hirnseli.’
517 3548 519 3552 .
773 3513 861 3573 picion
882 3513 912 3562 oi
931 3514 964 3562 it:
986 3515 1020 3563 he
1040 3515 1089 3564 has
1106 3515 1215 3579 already
1227 3515 1283 3566 said

270 3583 566 3645 §73.19-21.quae:
591 3585 633 3632 ior
649 3586 748 3646 gender
773 3590 797 3650 (ᾗ
817 3591 855 3638 68.
881 3591 920 3648 19)
943 3591 1003 3639 that
1026 3592 1101 3641 Sulla
1121 3607 1176 3642 was
1199 3594 1284 3644 above

237 3658 488 3708 seeonll.19.15.
523 3661 567 3707 ita
585 3696 590 3706 .
609 3696 614 3706 .
632 3696 638 3706 .
657 3664 747 3709 utta·
771 3667 908 3728 suspicion
928 3667 955 3715 in
978 3668 1025 3716 the
1048 3674 1147 3717 matter
1167 3670 1196 3718 ol
1218 3669 1283 3719 such

237 3748 322 3784 men:
340 3737 373 3785 cl.
386 3737 415 3798 ἕξ
427 3737 466 3785 58.
477 3737 521 3797 36;
537 3738 577 3785 42.
592 3739 611 3785 l.
647 3736 747 3786 delor-
771 3743 867 3791 crimes
884 3756 913 3792 as
931 3744 977 3792 the
995 3745 1152 3808 conspiracy
1165 3752 1284 3796 contem·

237 3815 327 3871 mata,
351 3812 490 3863 ‘marred’
535 3826 552 3863 a
574 3812 706 3868 fortuna.
729 3828 747 3862 a
772 3816 870 3882 plated.
