2678 4260
491 249 572 301 aar.
597 252 622 312 2,
647 250 662 311 ς
684 249 739 299 a-s.
1118 239 1183 304 433

83 425 190 511 magis
207 423 277 486 ulla
300 421 469 486 laudanda
494 428 545 487 est
561 443 663 506 quam
688 443 762 486 mea
786 419 989 487 inflammata
1016 444 1132 488 eorum

82 529 215 604 scelere,
242 528 301 611 qui
332 549 410 591 cum
440 526 595 590 omnibus
626 547 719 590 meae
749 525 869 590 salutis
900 524 1131 593 defensoribus

83 632 208 697 bellum
224 653 296 696 esse
312 630 376 695 sibi
391 630 577 717 gerendum
596 629 842 695 iudicaverunt.
889 629 955 695 Sed
972 632 1172 716 quoniam5
1205 619 1207 624 ⁵

81 736 225 822 singulis
249 735 445 798 criminibus
471 735 574 799 ceteri
601 732 856 819 responderunt,
873 733 982 799 dicam
1005 757 1066 821 ego
1090 735 1131 802 de
1154 753 1184 800 ao

82 842 173 904 omni
189 847 282 903 statu
300 838 337 901 P.
350 837 449 914 Sesti,
463 837 504 903 de
521 860 644 924 genere
661 839 761 915 vitae,
774 837 815 903 de
832 846 961 914 natura,
979 837 1019 904 de
1036 841 1143 925 mori-¹

82 944 154 1020 bus,
172 943 212 1007 de
229 941 419 1007 incredibili
435 963 545 1006 amore
562 943 597 1005 in
613 941 728 1019 bonos,
745 941 786 1007 de
803 941 916 1006 studio
935 963 1131 1007 conservan-

82 1047 143 1112 dae
160 1047 279 1111 salutis
296 1047 481 1111 communis
498 1053 601 1130 atque
619 1047 680 1111 otii
696 1045 973 1130 contendamque‚
986 1047 1016 1110 si
1032 1047 1129 1111 modo

81 1151 115 1214 id
138 1151 298 1234 consequi
322 1143 505 1234 poteraut
529 1151 565 1212 in
592 1149 652 1214 hac
678 1148 819 1214 confusa
843 1156 945 1234 atque
974 1151 1129 1216 universa
1166 1144 1174 1156 ’

82 1254 275 1319 defensione
301 1254 386 1317 nihil
409 1275 429 1319 a
452 1275 513 1330 me,
531 1253 623 1339 quod
648 1253 691 1318 ad
718 1262 863 1319 vestram
888 1255 1128 1339 quaestionem,
1153 1271 1182 1318 25

81 1360 175 1436 nihil,
193 1358 284 1444 quod
299 1358 342 1424 ad
363 1380 467 1436 reum,
484 1359 579 1436 nihil,
597 1358 688 1444 quod
711 1358 753 1423 ad
776 1381 846 1424 rem
869 1359 1037 1444 publicam
1060 1382 1129 1444 per·

81 1465 198 1540 tineat,
226 1465 495 1548 praetermissum
526 1484 598 1528 esse
630 1463 794 1528 videatur.
841 1463 888 1528 Et
912 1465 1071 1548 quoniam
1093 1466 1128 1529 in

80 1568 285 1654 gravissimis
302 1568 509 1652 temporibus
527 1569 675 1648 civitatis
692 1575 793 1652 atque
810 1568 846 1630 in
865 1568 971 1632 ruinis
994 1589 1128 1634 eversae

79 1681 183 1758 atque
211 1670 364 1736 adflictae
392 1674 439 1736 rei
467 1673 620 1756 publicae
647 1671 685 1734 P.
703 1671 792 1737 Sesti
820 1671 1011 1737 tribunatus
1034 1680 1128 1737 esta

80 1777 231 1841 Fortuna
246 1778 318 1861 ipsa
337 1776 529 1852 collocatus,
547 1796 614 1838 non
637 1774 815 1861 adgrediar
837 1773 880 1839 ad
904 1775 963 1838 illa
987 1776 1130 1840 maxima
1152 1791 1182 1838 ao

79 1889 181 1965 atque
198 1880 413 1965 amplissima,
431 1881 628 1964 priusquam
644 1877 799 1955 docnem,
816 1878 938 1964 quibus
963 1880 1068 1945 initiis
1087 1900 1125 1944 ac

79 1982 309 2048 fundamentis
325 1983 406 2048 haec
419 1989 532 2048 tantae
548 1984 687 2048 summis
703 1985 739 2046 in
755 1982 854 2049 rebus
874 1982 990 2047 laudes
1006 1983 1126 2048 excita

79 2096 133 2153 tae
150 2089 228 2152 sint.

111 2259 123 2315 §
144 2259 167 2308 5.
192 2258 293 2307 20-23.
318 2258 514 2308 criminibus:
548 2274 592 2309 see
617 2260 649 2309 dc
662 2262 695 2310 ct.
730 2272 824 2317 reum,
848 2261 902 2320 i.e.‚
925 2260 968 2309 his
991 2261 1130 2310 character

79 2350 114 2385 on
126 2335 192 2385 Sull.
207 2335 232 2383 6.
245 2336 284 2385 36.
311 2335 416 2391 ceteri,
428 2335 593 2398 distinguieh
615 2337 644 2384 in
664 2342 768 2399 respect
789 2342 818 2385 to
838 2336 916 2385 other
933 2342 1044 2385 matters
1062 2337 1129 2386 than

79 2413 150 2460 from
178 2413 246 2460 atii:
274 2425 319 2461 see
346 2425 383 2461 on
411 2411 477 2461 Sull.
503 2411 528 2460 9.
551 2413 591 2461 25.
615 2413 693 2462 those
713 2412 779 2462 with
800 2413 891 2462 which
911 2413 958 2462 the
979 2419 1055 2462 court
1074 2426 1129 2462 was

79 2488 164 2535 omni
172 2487 340 2544 statu,‘the
349 2488 436 2537 whole
445 2488 590 2550 position:’
615 2489 772 2540 concemed.
808 2488 1063 2550 rempublicam:
1084 2502 1128 2538 see

79 2565 125 2612 the
138 2564 210 2612 word
228 2564 252 2612 is
269 2562 413 2626 explained
430 2563 466 2625 by
478 2564 526 2612 the
543 2564 593 2613 iol·
614 2579 639 2627 p.
659 2563 730 2625 lbi
754 2563 785 2616 87
808 2565 843 2613 ad
866 2564 911 2613 tin.
948 2565 1036 2614 These
1060 2563 1128 2614 lines

79 2641 178 2703 lowing
200 2641 341 2702 ablatives,
367 2641 399 2690 de
419 2654 516 2701 pencrc
533 2677 540 2690 .
560 2676 565 2688 .
584 2677 590 2690 .
615 2640 666 2702 (26,
678 2642 720 2701 27)
734 2642 793 2703 give
805 2642 852 2689 the
865 2641 940 2689 three
952 2640 1025 2689 chief
1037 2641 1128 2702 points

80 2718 111 2766 de
139 2718 251 2778 stadim·
279 2718 340 2778 give
365 2731 400 2766 an
427 2716 592 2766 illustration
614 2718 643 2766 of
666 2718 731 2767 Part
749 2717 801 2767 III.
824 2717 853 2767 oi
876 2718 923 2766 the
945 2717 1056 2778 speech:
1084 2729 1128 2766 AD

78 2793 149 2841 from
172 2793 186 2853 ᾗ
204 2794 226 2841 1.
262 2792 359 2841 Notice
376 2793 437 2840 that
453 2793 531 2840 these
548 2807 592 2842 ex·
614 2805 838 2852 Quansrrounm
858 2794 887 2854 §5
900 2794 986 2844 75-95.
1009 2793 1125 2855 144-147,

78 2869 219 2929 planatory
230 2869 316 2917 words
326 2882 370 2917 are
383 2872 432 2917 not
443 2870 591 2918 connected
614 2881 657 2918 An
670 2882 763 2928 nuum,
776 2871 803 2928 §§
816 2870 886 2918 o-13.
901 2869 941 2927 71,
955 2880 998 2917 nn
1011 2881 1075 2918 nnn
1088 2882 1124 2930 n,

78 2945 112 3006 by
121 2944 327 3004 coniunctione:
339 2945 406 2992 such
419 2957 455 2993 an
467 2958 593 3007 arrange·
614 2947 643 3007 ἓξ
658 2946 742 2998 15-70.
757 2946 844 2997 va-vl.
858 2946 961 2994 96-143.

78 3025 154 3069 ment
165 3021 188 3070 is
200 3021 285 3071 called
304 3022 457 3082 asyndeton
474 3021 593 3082 explica·
645 3021 745 3070 27-32.
763 3034 832 3070 ecee
842 3020 1001 3071 videatur:
1016 3022 1058 3071 for
1071 3023 1126 3072 this

79 3099 171 3148 ticam.
206 3098 361 3147 studio..
380 3134 385 3145 .
404 3098 593 3156 otii,aneees-
613 3099 715 3161 ending
738 3098 767 3147 of
794 3099 841 3148 the
866 3104 993 3147 sentence
1016 3112 1060 3147 see
1090 3112 1126 3148 on

78 3188 138 3236 sary
171 3176 336 3236 periphrasis
364 3176 408 3224 for
435 3189 486 3224 our
514 3175 592 3224 ‘con·
613 3174 678 3224 Sull.
691 3174 764 3224 3.41.
800 3173 1124 3234 ruinis.‘iall‚’‘crash,'

78 3250 238 3311 servatism,’
253 3250 297 3299 tor
314 3252 404 3301 which
422 3252 498 3300 there
516 3252 539 3300 is
556 3265 592 3300 no
614 3259 662 3301 not
675 3251 784 3311 ‘ruins’
802 3251 891 3300 which
903 3251 925 3299 is
937 3265 953 3298 a
965 3249 1127 3312 postclassi-

78 3327 180 3386 precise
189 3326 346 3389 equivalent
355 3328 383 3376 ln
392 3326 482 3376 Latin.
508 3338 592 3375 com·
614 3328 749 3378 calscnee.
783 3327 935 3376 Fortuna:
948 3327 1127 3376 theancients
1228 3319 1233 3327 '

78 3401 193 3450 munis:
211 3402 353 3465 position?
614 3404 776 3454 understood
790 3405 824 3465 by
837 3404 956 3452 Fortune
974 3417 1010 3451 an
1027 3403 1128 3451 inscru-

110 3476 215 3527 24-26.
233 3479 365 3527 contusa
399 3483 493 3540 atque
527 3479 592 3526 uni·
614 3479 686 3528 table
703 3479 793 3528 divine
811 3491 921 3540 agency,
940 3492 969 3526 as
985 3491 1024 3526 we
1040 3477 1076 3525 do
1093 3476 1127 3539 by

77 3564 177 3609 verca,
199 3553 435 3617 ‘comprehensive
455 3554 508 3602 and
530 3568 593 3616 gen-
614 3555 786 3602 Providence.
822 3552 1036 3615 baec.nom.pl.
1052 3552 1127 3600 lemi-

77 3628 343 3685 eralz’seeoni3.2.
369 3629 592 3691 quaestionem.
614 3632 691 3679 nine:
714 3645 757 3679 see
777 3631 810 3679 A.
834 3632 878 3679 101
902 3643 941 3689 ας
965 3629 1000 3677 Η.
1023 3628 1068 3678 186
1091 3629 1125 3688 1.,

77 3720 107 3755 as
125 3707 274 3755 concerned
293 3706 355 3768 only
368 3707 434 3755 with
452 3707 498 3754 the
515 3720 593 3767 ques-
615 3707 736 3755 iootnote
753 3707 776 3758 7.
811 3705 927 3766 laudes,
942 3704 1128 3758 ‘meritorious

77 3784 136 3835 tion
149 3783 179 3834 oi
195 3783 307 3835 Sestius'
320 3783 389 3847 guilt
400 3797 430 3832 or
444 3784 592 3835 innocense
613 3780 689 3836 acts)
