2678 4260
165 253 230 319 436
513 266 586 316 rao
608 267 639 316 r.
664 265 794 317 suario
815 263 964 317 onemo.

215 459 284 524 quo
300 438 411 501 minus
427 458 602 521 exponam,
619 457 721 521 quam
737 436 845 500 multa
860 435 899 499 Ρ.
917 433 1059 512 Sestius,
1076 458 1154 501 cum
1176 443 1269 503 esset

214 563 291 607 cum
307 541 436 627 collega
451 561 534 617 mec,
551 541 703 616 senserit,
721 538 764 604 ad
780 561 832 604 me
848 538 1018 616 detulerit,
1036 547 1164 624 quanto
1187 547 1267 606 ante

215 645 408 733 providerit.
455 645 573 729 Atque
592 666 655 731 ego
679 644 719 709 de
742 645 892 708 Antonio
920 643 1004 707 nihil
1031 643 1106 709 dico
1132 652 1268 730 praeter

122 810 125 816 .
215 772 330 827 unum,
347 771 531 834 numquam
548 749 646 813 illum
667 749 727 812 illo
749 770 880 813 summo
904 749 1023 813 timore
1050 769 1088 814 ac
1115 750 1267 834 periculo

162 871 190 916 aa
213 856 360 921 civitatis
389 876 498 938 neque
526 874 738 918 communem
769 853 1077 918 metum'omnium
1107 874 1168 918 neo
1194 875 1269 939 pro-

215 959 320 1042 priam
337 978 403 1021 non
421 957 591 1020 nullorum
607 955 647 1020 de
665 957 738 1040 ipso
760 955 985 1039 suspicionem
1007 962 1067 1018 aut
1088 955 1267 1021 infitiando

215 1062 332 1126 tollere
356 1068 416 1125 aut
438 1059 681 1124 dissimulando
706 1058 821 1123 sedare
841 1059 999 1123 voluisse.
1046 1059 1086 1122 ln
1110 1080 1178 1144 quo
1201 1061 1268 1124 col·

215 1166 292 1251 lega
321 1164 518 1229 sustinendo
549 1172 651 1247 atque
685 1161 887 1227 moderando
914 1163 941 1226 si
969 1183 1077 1227 meam
1105 1164 1140 1226 in
1167 1164 1265 1228 illum

215 1269 461 1355 indulgentiam
502 1269 716 1331 coniunctam
752 1287 828 1331 oum
859 1288 989 1330 summa
1027 1266 1180 1331 custodia
1217 1269 1266 1333 rei

161 1389 191 1435 40
214 1372 366 1458 publicae
383 1371 517 1436 laudare
534 1394 611 1437 vere
628 1371 796 1447 solebatis,
814 1392 874 1455 par
896 1392 998 1456 prope
1022 1371 1096 1435 laus
1120 1371 1158 1434 Ρ.
1176 1370 1266 1437 Sesti

216 1498 288 1543 esse
315 1475 425 1552 debet,
443 1478 501 1560 qui
529 1476 577 1540 ita
603 1498 702 1540 suum
733 1476 906 1540 consulem
938 1475 1147 1552 observavit,
1162 1484 1204 1539 ut
1230 1486 1266 1541 et

214 1582 265 1645 illi
295 1588 454 1665 quaestor
484 1580 592 1645 bonus
624 1589 658 1645 et·
688 1580 783 1646 bonis
815 1579 969 1645 omnibus
1000 1580 1149 1665 optimus
1180 1581 1264 1646 civis

215 1685 396 1750 videretur.

173 1793 192 1855 9
259 1807 307 1852 [v.
339 1787 443 1864 Idem,
460 1810 537 1853 cum
563 1789 621 1851 illa
648 1789 833 1853 coniuratio
860 1810 902 1853 ex
930 1786 1066 1852 latebris
1093 1793 1197 1872 atque
1222 1810 1264 1854 ex

214 1892 359 1958 tenebris
376 1894 542 1976 erupisset
557 1893 736 1977 palamque
753 1901 880 1957 armata
896 1893 1062 1978 volitaret,
1076 1893 1171 1957 venit
1186 1914 1263 1957 cum

214 1997 365 2063 exercitu
392 1996 553 2080 Capuam,
571 2018 672 2080 quam
696 1996 812 2061 urbem
835 1997 1159 2082 propter'plurimas
1182 1997 1264 2063 belli

215 2101 460 2186 oportunitates
476 2100 517 2165 ab
533 2101 592 2164 illa
608 2101 711 2185 impia
734 2109 768 2165 et
790 2102 952 2166 scelerata
978 2123 1080 2165 manu
1105 2104 1264 2188 temptari

176 2204 483 2289 asuspicabamur3
513 2204 551 2268 O.
577 2204 808 2281 Mevulanum,
827 2205 1001 2278 tribunum
1024 2207 1171 2270 militurn
1195 2207 1265 2271 An-

214 2311 296 2385 toni,
315 2308 433 2394 Capua
460 2310 676 2393 praecipitem
710 2311 818 2387 eiecit,
843 2310 1010 2375 hominem
1037 2310 1207 2396 perditum
1230 2318 1266 2376 et

216 2435 284 2478 non
300 2413 439 2478 obscure
457 2412 590 2478 Pisauri
607 2415 693 2478 etin
711 2416 785 2479 aliis
809 2415 881 2501 agri
907 2413 1029 2479 Gallici
1054 2415 1205 2500 partibus
1228 2417 1264 2478 in

244 2651 289 2708 31,
312 2651 359 2701 32.
405 2664 498 2713 quam
535 2651 640 2709 multa,
675 2659 724 2703 not
777 2653 879 2702 4042.
907 2665 988 2709 were.
1018 2652 1137 2715 ‘justly‚’
1169 2651 1214 2702 ‘as
1242 2652 1264 2703 it

212 2732 288 2790 eaor,
302 2729 344 2777 for
352 2728 399 2777 the
411 2727 491 2777 latter
503 2734 603 2777 cannot
615 2730 647 2778 be
659 2729 723 2778 used
746 2729 892 2779 deserved.’
919 2728 1068 2778 observ
1076 2728 1168 2785 avit,
1184 2727 1262 2790 ‘paid

212 2805 408 2866 substantively
419 2806 509 2868 owing
525 2811 554 2854 to
566 2807 601 2855 its
618 2805 679 2855 lack
695 2806 725 2854 of
746 2805 868 2868 respect’
909 2804 954 2853 lta
976 2840 982 2852 .
1002 2841 1007 2851 .
1026 2840 1032 2852 .
1050 2807 1100 2852 ut:
1132 2806 1160 2853 in
1190 2806 1263 2854 what

212 2895 272 2930 case
289 2882 342 2930 and
365 2881 466 2943 gender
482 2882 608 2944 endings3
632 2881 660 2931 in
677 2883 724 2931 the
746 2881 845 2930 sense?
886 2882 1034 2940 quaestor
1061 2878 1170 2936 bonus,
1199 2885 1264 2929 etc:

212 2971 286 3006 same
298 2972 356 3019 way
369 2960 408 3007 tot
420 2963 520 3006 cannot
532 2958 565 3007 be
582 2958 647 3008 used
665 2958 725 3007 sub
747 2957 824 3019 point
833 2962 880 3006 out
889 2956 936 3005 the
946 2956 1083 3005 chiasmus
1095 2956 1123 3004 in
1132 2956 1187 3005 this
1197 2957 1260 3006 line.

212 3032 357 3095 stantivcly
377 3033 420 3082 ior
438 3037 495 3083 tom
518 3034 597 3083 nauita
619 3049 650 3082 or
670 3037 726 3084 tam

212 3109 307 3158 inulta.
341 3113 510 3157 cumeeeet
527 3121 612 3158 cum:
629 3123 673 3159 see
690 3123 725 3159 on
779 3107 833 3165 §a
859 3109 920 3157 3-5.
944 3108 1046 3157 belli
1092 3103 1262 3171 ‘oportuni-

213 3185 263 3236 lV.
289 3184 334 3233 12.
357 3186 396 3235 20.
432 3197 504 3233 cum
529 3185 657 3247 collega,
682 3186 725 3234 ‘in
747 3189 844 3234 tates:
866 3187 928 3236 how
945 3186 1010 3235 does
1027 3186 1082 3234 this
1099 3199 1177 3248 agree
1194 3187 1262 3237 with

212 3262 259 3311 the
276 3263 378 3312 service
396 3262 427 3321 os
444 3276 490 3325 my
506 3262 661 3326 colleague,’
681 3277 727 3326 op-
749 3264 795 3312 the
811 3268 958 3312 statement
969 3263 1052 3311 about
1064 3261 1216 3325 Campania
1233 3265 1262 3313 in

212 3338 295 3400 posed
306 3343 335 3387 to
348 3339 385 3387 ud
397 3352 437 3387 me
451 3339 578 3389 detulerit
590 3339 684 3390 below.
749 3339 813 3389 Sull.
843 3338 888 3387 53.
918 3337 970 3387 11?
1019 3338 1072 3386 For
1094 3337 1188 3400 Capua
1207 3339 1261 3389 and

243 3413 346 3472 38,39.
364 3414 550 3464 sustinendo
565 3451 570 3462 .
585 3414 727 3468 „mode-
749 3415 894 3476 gladiatore
916 3429 960 3464 see
982 3429 1018 3465 on
1041 3415 1079 3463 11.
1105 3414 1132 3464 9.
1159 3417 1183 3464 2.
1229 3415 1261 3464 c.

211 3489 318 3546 raudo,
335 3492 479 3552 metaphor
505 3492 575 3541 from
600 3491 726 3542 controll-
749 3490 1010 3548 Mevulanum,
1036 3491 1179 3541 otherwise
1212 3505 1262 3541 un·

212 3568 259 3628 ing
270 3567 372 3616 lrorses.
408 3563 640 3629 indulgentiam,
650 3568 729 3630 prob·
750 3569 859 3617 known.

212 3643 299 3705 ablya
312 3645 449 3693 reference
461 3650 489 3692 to
502 3645 548 3693 the
562 3646 688 3707 province
699 3645 729 3694 of
794 3644 820 3693 7.
834 3644 961 3701 Pisauri,
974 3659 1009 3693 an
1022 3644 1172 3706 important
1185 3650 1259 3695 town

213 3720 385 3770 Macedonia:
402 3735 446 3769 see
455 3735 480 3781 p.
494 3722 535 3782 28,
549 3722 604 3782 §42
613 3723 666 3770 and
676 3723 725 3784 Ep.
752 3722 778 3769 in
797 3723 845 3770 the
865 3735 931 3781 aper
953 3720 1086 3779 Gallicae,
1108 3721 1151 3769 for
1172 3721 1260 3778 which

212 3796 251 3858 ΙΙ,
266 3797 320 3855 lut
334 3802 407 3856 note
751 3811 794 3855 see
806 3811 841 3857 on
854 3797 892 3856 ΙΙ,
906 3796 932 3857 5,
945 3798 968 3854 2.
1004 3796 1094 3856 Cane?
