2678 4260
167 247 231 315 532
411 339 414 345 Ι
526 262 597 312 rno
620 262 650 312 r.
674 261 800 312 sus'rro
824 261 972 314 onnrro.

221 436 345 513 liceret,
362 457 424 501 nec
441 456 528 500 unus
551 436 586 500 in
610 455 814 520 quemquam
839 456 999 519 umquam
1022 435 1151 521 gratior
1167 457 1269 520 quam

219 541 254 604 in
270 562 322 604 me
339 540 502 614 universi3
526 538 586 604 sed
612 547 723 604 tamen
754 539 841 602 illud
865 541 1000 623 scripsit
1027 539 1268 605 disertissimus

165 662 194 706 ‘ru
216 648 316 730 podia
336 666 395 729 pro
418 666 481 719 me,
498 643 569 730 egit
596 641 800 708 fortissimus
825 650 926 718 actor,
944 666 1011 707 non
1038 644 1148 708 solum
1173 653 1268 730 optu-

196 754 302 825 ¹mus,
325 747 366 812 de
394 769 457 824 me,
480 769 556 832 cum
585 768 700 811 omnes
728 747 860 811 ordines
891 746 1146 824 demonstraret,
1175 771 1268 812 serra-

218 861 302 929 tum,
319 853 451 937 equites
473 851 652 928 Romanos,
669 852 865 917 uuiversum
889 853 1051 937 populum
1076 853 1266 916 Romanurn

217 968 407 1022 accusaret:

264 1107 469 1192 Elxulare
515 1126 691 1204 sinitis,
733 1128 870 1191 sistis
916 1127 1039 1210 pelli,
1084 1127 1265 1212 pulsum

163 1247 193 1294 ³0
261 1253 264 1259 ’
1026 1231 1265 1314 patimini!

217 1420 312 1500 Quae
336 1429 409 1484 turn
436 1420 638 1506 significatio
666 1420 770 1484 fuerit
797 1420 956 1495 omnium,
975 1441 1060 1502 quae
1084 1418 1265 1484 declaratio

216 1526 403 1590 voluntatis
419 1525 460 1589 ab
476 1525 633 1588 universo
649 1524 774 1608 populo
788 1524 938 1586 Romano
955 1524 990 1586 in
1003 1544 1102 1586 causa
1118 1523 1262 1587 hominis

216 1651 283 1692 non
311 1629 492 1714 popularia
517 1628 675 1712 equidem
702 1626 887 1702 audiebam,
913 1628 1104 1691 existimare
1131 1624 1265 1690 facilius

216 1742 368 1818 possunt,
386 1734 445 1817 qui
462 1732 655 1797 adfuerunt.

144 1834 199 1897 123
260 1855 359 1900 nuni.
393 1838 439 1900 Et
465 1838 623 1922 quoniam
651 1837 716 1900 huc
745 1858 796 1900 me
825 1836 982 1919 provexit
1009 1837 1123 1911 oratic,
1145 1837 1264 1900 histrio

213 1963 326 2006 casum
350 1962 462 2005 meum
490 1942 614 2005 totiens
642 1940 915 2015 conlacrumavit,
934 1961 1011 2003 cum
1035 1941 1083 2002 ita
1111 1939 1265 2004 dolenter

215 2053 330 2132 ageret
345 2067 479 2110 causam
497 2066 615 2120 meam,
633 2051 672 2107 ut
684 2065 750 2108 vox
768 2044 839 2107 eius
857 2044 916 2106 illa
933 2044 1100 2127 praeclara
1116 2044 1263 2107 lacrimis

217 2150 453 2234 impediretur,
492 2170 601 2233 neque
632 2151 760 2232 politae,
787 2168 931 2230 quorum
962 2169 1024 2232 ego
1055 2168 1186 2230 semper
1217 2149 1264 2210 in·

177 2270 190 2313 5
213 2255 311 2338 genia
342 2253 455 2328 dilexi,
481 2253 621 2336 tempori
646 2272 720 2315 meo
747 2250 930 2314 defuerunt
939 2274 947 2325 3
982 2271 1088 2335 eaque
1116 2251 1262 2334 populus

216 2358 385 2421 Romanus
402 2379 468 2420 non
485 2358 595 2420 solum
612 2355 743 2440 plausu,
761 2354 937 2418 sedetiam
953 2355 1082 2440 gemitu
1098 2375 1161 2418 suo
1178 2376 1264 2419 com-

216 2463 378 2545 probavit.
426 2455 549 2525 Utruin
567 2461 673 2546 igitur
695 2459 776 2523 haec
793 2458 966 2542 Aesopum
989 2459 1102 2542 potius
1126 2481 1187 2543 pro
1211 2481 1262 2524 me

180 2609 185 2612 -
215 2572 274 2629 aut
289 2566 433 2629 Accium
450 2564 559 2629 dicere
584 2564 744 2647 oportuit,
761 2563 789 2627 si
813 2562 958 2647 populus
984 2564 1155 2628 Romanus
1179 2564 1263 2628 liber

243 2800 344 2850 26-28.
386 2813 458 2849 cum
489 2800 726 2856 demonstraret,
749 2799 817 2847 been
844 2799 933 2848 used?
966 2797 1139 2847 hominis
1184 2810 1263 2848 non

212 2880 375 2926 accusaret
390 2901 415 2924 :
430 2877 627 2938 dernoastrcns,
647 2890 727 2926 accu-
748 2875 915 2936 popularis,
941 2874 1061 2936 ironical‚
1088 2874 1117 2923 of
1141 2874 1260 2925 himself.

212 2967 293 3004 soris:
318 2955 405 3002 notice
426 2954 473 3001 the
495 2954 585 3001 rather
610 2952 726 3003 unusual
748 2951 921 3008 audiebam,
941 2950 1067 3000 ‘learned
1090 2951 1125 3015 by
1147 2952 1263 3014 hearsay

212 3031 328 3090 position
347 3030 376 3078 of
398 3030 445 3078 the
468 3044 530 3079 eum
548 3029 637 3079 clause
655 3030 726 3079 after
748 3025 854 3090 (only).’

212 3107 247 3154 its
259 3107 330 3155 verb.

219 3182 344 3231 ·29-33.
379 3183 480 3231 sistis:
509 3183 598 3233 where
623 3184 725 3233 made?
779 3181 862 3242 §123.
882 3181 943 3228 1-5.
962 3180 1002 3229 nt
1025 3180 1187 3242 quonlam:
1214 3183 1262 3232 the

212 3256 253 3305 Cf.
269 3258 333 3318 544.
351 3258 390 3306 36.
426 3257 486 3306 'l'he
506 3257 610 3319 change
631 3258 659 3306 in
678 3259 725 3306 the
747 3256 836 3306 clause
854 3258 917 3307 does
936 3263 984 3306 not
1002 3258 1104 3320 qualify
1122 3259 1169 3306 the
1188 3260 1264 3320 prin-

211 3341 286 3381 tense
305 3333 327 3381 is
346 3335 504 3404 important:
524 3333 592 3396 ‘you
609 3334 724 3384 suffered
746 3333 817 3395 eipal
840 3334 912 3395 verb,
937 3334 986 3382 but
1009 3334 1059 3383 hoc
1083 3334 1144 3384 dico
1163 3335 1262 3384 under-

211 3417 239 3456 to
251 3409 283 3456 he
295 3409 391 3469 exiled,
406 3424 458 3471 you
470 3410 568 3471 permit
581 3416 609 3459 to
620 3412 724 3460 remaln
746 3410 836 3459 stood:
853 3410 888 3459 cf.
901 3411 946 3458 the
959 3410 1062 3459 similar
1073 3410 1181 3472 ellipses
1194 3411 1262 3460 with

211 3484 316 3533 exiled)
374 3485 501 3534 fuerit
535 3486 654 3548 depends
688 3502 724 3536 on
747 3485 1203 3548 qrr0u1.16.38‚siSu11.22.2a;
1221 3488 1260 3537 11.

211 3561 373 3620 caiatirnure,
408 3560 425 3609 l.
460 3561 500 3621 33,
535 3561 638 3623 despite
677 3563 725 3611 the
746 3562 771 3609 3.
784 3564 807 3623 5,
828 3567 858 3612 ut
877 3565 906 3624 ἓξ
925 3565 978 3612 101.
997 3565 1041 3626 21;
1064 3562 1103 3615 97.
1128 3565 1166 3612 15.
1213 3568 1262 3614 to·

211 3650 305 3684 nearer
332 3637 485 3685 nrrdiebcru.
532 3637 571 3685 ab
598 3638 723 3698 populo,
746 3639 834 3695 tiens,
844 3640 873 3688 of
884 3653 986 3698 course,
1002 3640 1029 3687 in
1041 3641 1089 3689 the
1101 3655 1175 3689 same
1187 3641 1259 3703 play.

210 3720 292 3774 agent
329 3714 394 3761 with
434 3714 480 3761 the
520 3713 609 3762 verbal
648 3728 723 3763 noun
745 3714 879 3774 tempori
894 3714 1080 3774 meo,asin§
1095 3710 1132 3766 14'.
1148 3717 1191 3778 133
1208 3717 1259 3782 Ep.

210 3786 381 3842 declaratio:
404 3786 482 3841 could
505 3788 631 3857 thegen.
653 3789 723 3840 have
745 3789 824 3844 XVI.
839 3789 915 3844 6.82.
1224 3789 1226 3793 ’
