2678 4260
186 270 250 337 546
531 284 603 335 PRo
626 285 656 335 r.
681 283 807 335 snsrro
831 281 979 335 onemo.

240 473 279 529 ut
294 471 371 528 ante
389 462 470 539 dixi,
488 463 612 527 multos
629 462 846 538 adversarios,
864 463 1027 538 inimicos
1044 461 1178 529 invidos
1204 485 1288 540 esse,

226 564 350 632 'multa
365 568 506 651 proponi
522 566 681 652 pericula,
700 567 821 630 multas
838 565 956 630 inferri
980 567 1129 643 iniurias,
1148 588 1289 654 magnos

240 693 311 736 csse
329 671 555 756 experiundos
577 678 611 735 et
626 669 818 735 subeundos
835 670 979 745 labores3
1004 671 1063 734 sed
1080 671 1163 734 mihi
1179 673 1289 736 omnis

242 777 347 839 oratio
375 784 427 839 est
450 797 526 839 cum
554 775 691 850 virtute,
718 796 785 838 non
811 796 888 838 cum
914 774 1052 851 desidia,
1080 797 1157 840 cum
1182 775 1291 863 digni·

187 895 217 941 10
238 889 317 956 tate,
338 901 405 943 non
429 900 506 943 eum
531 880 716 962 voluptate,
743 901 819 942 cum
845 880 895 955 iis,
923 880 982 963 qui
1007 902 1041 944 se
1065 881 1203 964 patriae,
1230 882 1290 965 qui

238 985 309 1048 suis
341 983 481 1059 civibus,
507 983 567 1067 qui
590 982 693 1058 laudi,
727 983 786 1067 qui
816 983 952 1068 gloriae,
985 1005 1052 1046 non
1080 985 1140 1068 qui
1170 1005 1289 1048 somno

239 1095 274 1153 et
297 1088 461 1152 conviviis
489 1094 524 1151 et
554 1086 770 1151 delectationi
801 1094 897 1151 natos
929 1087 1142 1151 arbitrantur.
1189 1087 1288 1164 Nam,

239 1193 268 1256 si
285 1193 344 1277 qui
360 1190 591 1276 voluptatibus
609 1191 782 1255 ducuntur
807 1199 842 1255 et
866 1214 901 1256 se
927 1193 1087 1256 vitiorum
1110 1193 1290 1259 inlecebris

240 1304 274 1360 et
301 1295 539 1381 cupiditatium
571 1295 746 1359 lenociniis
770 1295 983 1372 dediderunt,
1016 1297 1132 1361 missos
1161 1296 1291 1362 faciant

188 1417 215 1461 15
238 1399 392 1475 honores,
421 1421 461 1463 ne
492 1399 664 1484 attingant
694 1421 765 1463 rem
796 1398 974 1483 publicam,
1007 1400 1182 1485 patiantur
1205 1402 1291 1465 viro

167 1501 224 1563 139
239 1525 313 1566 rum
340 1502 480 1567 fortium
504 1503 615 1567 labore
640 1525 674 1567 se
699 1504 767 1566 otio
796 1525 858 1567 suo
886 1502 1025 1588 perfrui.
1073 1503 1142 1581 Qui
1175 1512 1289 1569 autem

242 1605 362 1670 bonam
385 1606 508 1671 lamam
534 1607 706 1683 bonorum,
733 1629 819 1691 quae
846 1608 918 1672 sola
947 1629 1024 1671 vere
1055 1607 1162 1692 gloria
1186 1610 1291 1672 norni-

242 1711 314 1774 nari
337 1717 459 1796 potest,
484 1718 659 1795 expetunt,
689 1711 763 1775 aliis
790 1712 897 1774 otium
921 1732 1080 1795 quaerere
1106 1709 1233 1776 debent
1256 1720 1289 1777 et

239 1816 442 1900 voluptates,
459 1837 527 1878 non
548 1815 621 1879 sibi.
669 1814 867 1879 Sudandum
883 1824 934 1879 est
958 1816 999 1882 iis
1021 1837 1081 1901 pro
1105 1818 1290 1881 communi-

144 1954 151 1969 ·
186 1935 217 1982 eo
240 1920 301 1984 bus
326 1919 517 1996 commodis,
540 1919 715 1984 adeundae
740 1920 945 1997 inimicitiae,
969 1920 1164 1986 subeundae
1190 1942 1288 2006 saepe

239 2046 299 2108 pro
336 2046 370 2088 re
405 2023 540 2108 publica
574 2031 800 2107 tempestates,
832 2046 909 2087 cum
943 2025 1059 2088 multis
1091 2025 1287 2101 audacibus

240 2127 397 2212 inprobis
415 2150 482 2190 uon
499 2149 684 2211 numquam
706 2129 807 2192 etiam
831 2127 1026 2211 potentibus
1048 2128 1287 2194 dimicandum.

240 2230 333 2295 Haec
357 2230 550 2296 audivimus
568 2230 608 2296 de
631 2232 892 2295 clarissimorum
909 2233 1058 2296 virorum
1082 2235 1231 2298 consiliis
1256 2243 1289 2300 et

239 2334 347 2411 factis,
375 2335 455 2399 haec
488 2337 688 2420 accepimus,
717 2335 799 2400 haec
826 2336 982 2421 legimus.
1029 2336 1147 2420 Neque
1173 2340 1287 2403 cosin

186 2454 215 2500 25
237 2441 336 2506 laude
353 2442 479 2526 positos
498 2440 662 2515 videmus,
680 2441 740 2524 qui
755 2440 941 2503 incitarunt
963 2440 1146 2524 aliquando
1170 2443 1288 2526 populi

239 2546 366 2610 animos
402 2545 445 2610 ad
475 2545 686 2619 seditionem,
718 2552 779 2608 aut
809 2545 868 2628 qni
899 2545 1076 2630 largitione
1109 2553 1289 2610 caecarunt

240 2658 367 2715 mentes
393 2651 634 2734 imperitorum,
660 2656 720 2712 aut
746 2649 806 2732 qui
833 2646 931 2712 fortis
957 2656 991 2712 et
1007 2648 1112 2712 claros
1139 2650 1231 2714 viros
1255 2657 1288 2714 et

238 2752 322 2818 bene
339 2754 379 2818 de
396 2750 430 2818 re
454 2754 590 2838 publica
614 2755 749 2817 meritos
774 2753 810 2815 in
833 2752 995 2816 invidiam
1019 2753 1169 2837 aliquam
1194 2777 1288 2819 voca·

242 2865 372 2921 verunt.
419 2858 518 2922 Levis
541 2857 600 2922 hos
625 2879 754 2941 semper
778 2857 884 2919 nostri
908 2855 1059 2920 homines
1083 2865 1118 2921 et
1141 2857 1286 2924 audaces

185 2974 215 3020 30
237 2969 272 3024 et
287 2962 390 3024 malos
407 2970 442 3026 et
458 2963 661 3046 perniciosos
679 2962 770 3024 cives
789 2967 1007 3044 putaverunt.
1053 2960 1104 3024 At
1120 2983 1199 3025 vero
1225 2965 1283 3048 qui

236 3125 483 3186 experiundosand
500 3125 660 3174 subeundos.
696 3125 748 3173 For
769 3125 840 3174 from
864 3128 955 3184 stema,
981 3125 1011 3172 in
1033 3127 1095 3186 -tct,
1120 3124 1218 3188 chiefly
1241 3128 1286 3176 ab·

235 3202 290 3250 this
303 3216 349 3250 use
361 3202 390 3249 of
407 3215 424 3248 a
435 3215 494 3249 ease
507 3201 533 3248 in
547 3201 673 3249 different
685 3214 747 3248 oon·
769 3206 852 3249 straet
869 3202 923 3250 and
941 3200 977 3249 all
994 3201 1135 3262 feminine,
1150 3203 1177 3249 in
1195 3204 1283 3253 -ium.'

235 3279 380 3327 structione
393 3277 427 3326 cf.
442 3277 490 3338 Ep.
505 3277 540 3328 V.
558 3278 583 3324 2.
597 3278 625 3338 6;
643 3278 680 3326 11.
700 3276 745 3324 25.
768 3277 882 3325 missos
909 3276 1035 3334 faciant,
1064 3276 1116 3326 ‘let
1143 3280 1220 3327 them
1249 3281 1285 3330 let

235 3355 274 3405 12.
768 3354 869 3404 hcncrs
891 3354 952 3416 g03’
980 3354 1023 3403 for
1039 3353 1137 3414 faeere
1160 3356 1213 3404 and
1238 3357 1285 3405 the

266 3429 347 3478 9-16.
365 3441 437 3479 oum
470 3430 595 3486 virtute,
617 3429 745 3487 desidia,
768 3430 835 3491 perf.
855 3444 924 3491 pass.
944 3436 1013 3492 part.
1028 3444 1071 3478 see
1083 3430 1117 3479 A.
1132 3431 1179 3479 292
1197 3432 1228 3494 d,·
1247 3431 1279 3481 G.

234 3508 351 3556 abstract
368 3509 409 3556 tor
421 3513 557 3556 concrete:
577 3505 659 3554 ‘with
673 3508 744 3565 (men
767 3505 827 3568 5373
845 3507 875 3555 P.
895 3507 970 3558 5470
991 3507 1024 3556 ad
1044 3507 1089 3556 tin.
1125 3507 1192 3555 otio
1217 3520 1284 3565 suo,

234 3582 273 3645 ot)
292 3597 398 3645 energy,
412 3582 473 3632 ete!
509 3581 744 3644 cupiditatium:
767 3582 818 3631 abl.
833 3583 863 3630 of
874 3597 994 3630 manner.

234 3661 323 3708 notice
341 3661 387 3709 the
401 3675 460 3723 gen.
476 3661 505 3708 in
523 3661 598 3717 -ium,
613 3659 743 3719 although
800 3659 880 3720 §139.
900 3659 945 3716 21,
957 3659 1002 3706 22.
1021 3671 1106 3708 oum:
1124 3660 1219 3710 forits
1237 3674 1283 3710 use

233 3735 280 3785 the
302 3749 377 3785 noun
400 3737 540 3785 increases.
578 3735 661 3796 story,
685 3736 744 3783 445:
767 3749 857 3785 seeon
870 3735 908 3785 ΙΙ.
921 3734 967 3783 18.
980 3736 1019 3785 26.
1042 3736 1235 3797 potentibus,
1246 3751 1282 3787 au

235 3810 297 3863 ‘the
305 3826 364 3876 geu.
376 3813 412 3878 pl.
424 3814 446 3863 is
454 3811 631 3874 occasionally
639 3812 743 3861 forrued
767 3812 883 3862 allusion
894 3817 923 3861 to
935 3812 983 3862 the
995 3812 1071 3866 three
1083 3818 1198 3876 regents.
