2678 4260
198 254 262 320 594
460 270 532 319 eno
555 270 585 319 r.
611 269 732 319 curuo
755 268 899 317 umora
922 267 1071 318 oanrro.
1097 287 1100 293 -

250 470 322 512 esse
365 447 501 511 diceret.
563 445 717 510 Nudavit
754 467 789 509 se
829 447 862 507 in
911 447 1122 510 sanctissimo
1160 446 1293 532 templo,

196 567 226 613 40
248 552 407 637 quoniam
430 551 502 615 vita
525 551 602 614 talis
626 559 660 614 et
683 550 766 614 civis
790 556 825 613 et
841 550 904 614 viri
929 548 1028 613 fidem
1051 571 1120 613 non
1142 548 1292 627 faciebat

249 664 289 720 ut
305 678 344 720 eo
359 663 492 721 tacente
509 676 560 719 res
576 656 647 739 ipsa
663 655 867 738 loqueretur.

196 762 235 826 67
292 777 382 824 xxv.
411 758 533 822 Omnia
547 757 630 821 falsa
641 766 743 842 atque
756 757 913 823 insidiose
930 759 1008 823 ficta
1019 767 1191 844 comperta
1205 768 1292 826 sunt

248 864 377 928 Verum
402 871 516 928 tamen
539 863 567 926 si
592 863 755 926 metuitur
778 863 880 926 etiam
904 884 994 926 nunc
1020 862 1114 940 Milo,
1139 866 1292 928 uoniam

248 967 310 1032 hcc
343 967 544 1032 Clodianum
571 967 694 1031 crimen
721 967 888 1042 timemus,
914 966 974 1031 sed
1000 975 1087 1044 tuas,
1113 967 1177 1032 Cn.
1202 968 1293 1032 Pom-

248 1072 312 1157 pei,
339 1074 391 1155 (te
414 1072 504 1136 enim
526 1072 591 1134 iarn
612 1071 743 1156 appello
766 1079 801 1134 et
815 1076 862 1134 'ea
889 1092 979 1148 voce,
996 1078 1036 1134 ut
1060 1093 1111 1136 me
1136 1073 1291 1138 exaudire

209 1193 224 1236 u
246 1177 373 1260 possis)
402 1182 488 1251 tuas
520 1175 667 1258 inquam,
691 1175 898 1259 suspiciones
922 1174 1214 1258 perhorrescimus.
1259 1177 1291 1241 si

249 1280 410 1345 Milonem
433 1281 541 1354 timeo,
565 1280 592 1343 si
616 1279 707 1343 hunc
731 1278 772 1343 de
797 1288 855 1343 tua
876 1281 947 1344 rita
972 1279 1098 1345 nefarie
1122 1289 1184 1345 aut
1206 1304 1291 1346 nunc

248 1386 394 1471 cogitare
410 1393 471 1449 aut
486 1385 639 1447 molitum
656 1383 838 1467 aliquando
854 1383 983 1468 aliquid
1005 1390 1114 1468 puteo,
1131 1386 1161 1448 si
1178 1385 1290 1451 Italiae

247 1488 401 1565 dilectus
426 1495 555 1552 utnon
579 1487 665 1550 nulli
692 1489 934 1571 conquisitores
957 1489 1008 1552 tui
1033 1487 1245 1567 dictitarunt,
1265 1492 1290 1554 si

247 1588 328 1653 haec
366 1610 466 1663 arma,
498 1589 526 1651 si
566 1587 776 1672 Capitolinae
810 1588 971 1665 cohortes,
1003 1589 1032 1652 si
1063 1590 1236 1668 excubiae,
1266 1593 1290 1655 si

196 1709 225 1754 10
246 1693 392 1779 vigiliae,
409 1694 437 1756 si
454 1692 584 1757 delecta
602 1693 772 1768 iuventus,
792 1714 877 1776 quoe
895 1701 992 1757 tuum
1009 1715 1128 1778 corpus
1146 1695 1290 1760 domum·

249 1819 313 1881 que
330 1796 488 1872 custodit,
507 1803 623 1860 contra
640 1796 777 1860 Milonis
795 1798 959 1881 impetum
975 1806 1102 1863 armata
1116 1807 1170 1864 est
1192 1809 1289 1886 atque

247 1900 306 1964 illa
322 1901 432 1963 omnia
447 1901 482 1962 in
499 1900 588 1964 hunc
605 1922 711 1964 unum
727 1901 893 1975 instituta,
906 1909 1030 1985 parata,
1048 1904 1180 1968 intenta
1195 1915 1288 1969 sunt:

247 2026 368 2090 magna
391 2006 425 2067 in
453 2004 516 2068 hoc
533 2014 621 2071 certe
639 2006 700 2099 ‚vis
720 2011 756 2068 et
780 2004 983 2069 incredibilis
1008 2006 1139 2072 animus
1168 2017 1203 2073 et
1227 2031 1288 2073 non

248 2110 348 2173 unius
361 2110 424 2173 viri
436 2109 524 2173 vires
540 2117 642 2193 atque
659 2131 738 2192 opes
754 2109 955 2186 iudicantur,
969 2111 1135 2194 siquidem
1151 2112 1188 2176 in
1203 2113 1288 2177 hunc

195 2232 223 2277 15
245 2237 351 2278 unum
367 2223 402 2279 et
417 2215 724 2299 praestantissimus
735 2213 806 2277 dux
817 2215 945 2279 electus
962 2223 997 2278 et
1012 2223 1083 2278 tota
1093 2237 1146 2280 res
1159 2216 1289 2301 publica

195 2322 371 2386 68armata
402 2327 462 2384 est.
510 2318 576 2384 Sed
609 2319 684 2403 quis
715 2340 781 2382 non
814 2318 984 2405 intellegit
1013 2321 1121 2384 omnis
1152 2321 1215 2385 tibi
1245 2323 1288 2387 rei

249 2423 400 2506 publicae
433 2424 535 2507 partis
559 2444 673 2509 aegras
704 2430 739 2487 et
764 2422 925 2500 labantes,
956 2431 997 2487 ut
1026 2445 1081 2489 eas
1111 2424 1163 2488 his
1194 2427 1288 2490 armis

248 2549 382 2591 sanares
398 2536 433 2591 et
449 2527 669 2617 confirmares
688 2548 758 2591 esse
783 2527 998 2592 commissas?
1043 2527 1176 2606 Quodsi
1199 2530 1287 2595 locus

243 2794 378 2843 technical
397 2799 464 2843 term
490 2794 622 2859 implying
645 2796 698 2845 evil
717 2796 757 2845 in·
779 2794 825 2843 33.
844 2796 882 2844 11.
920 2795 1024 2859 During
1047 2796 1094 2845 the
1117 2797 1208 2846 actual
1230 2797 1286 2847 trial

243 2875 314 2918 tent:
331 2871 366 2919 cf.
383 2869 403 2917 1.
418 2869 463 2917 1⁵.
476 2872 514 2919 25.
779 2873 923 2934 Pompeius
935 2887 989 2922 was
1002 2872 1097 2934 sitting
1110 2873 1138 2921 in
1151 2874 1200 2924 the
1211 2880 1287 2924 trees-

276 2945 321 3002 40,
344 2946 389 2994 41.
415 2945 508 2994 fidem
536 2947 689 2997 iaciebat:
713 2949 757 3000 for
779 2964 828 3011 ury
850 2955 879 2997 at
901 2963 974 2998 some
993 2949 1062 2998 little
1079 2949 1203 3000 distance
1220 2952 1287 3001 from

244 3023 371 3086 meaning
380 3023 414 3071 cf.
427 3023 478 3072 111.
492 3022 518 3071 4.
531 3023 569 3073 13.
604 3027 640 3072 ut
651 3024 756 3087 loque·
778 3026 921 3075 thecourt.
957 3038 1067 3087 magna
1083 3025 1117 3074 ln
1134 3025 1205 3085 hoe,
1221 3028 1286 3077 ‘itis

243 3101 343 3147 retur:
360 3099 450 3148 result.
487 3099 569 3148 What
579 3100 651 3150 word
667 3102 755 3152 would
778 3096 911 3164 supposed
931 3103 991 3151 that
1010 3103 1038 3151 in
1056 3102 1111 3152 this
1122 3116 1189 3152 man
1202 3102 1285 3166 (11116)

244 3174 276 3223 be
288 3175 409 3237 changed
422 3176 449 3223 in
462 3189 478 3223 a
492 3176 555 3225 final
569 3176 682 3226 clause?
777 3192 822 3226 are
834 3184 908 3240 great
920 3179 1050 3239 violence,
1062 3180 1286 3231 incredihlecour·

776 3268 833 3314 age,
847 3255 900 3303 and
913 3256 960 3304 the
971 3256 1094 3319 strength
1112 3256 1168 3306 and
1187 3271 1285 3320 powers

275 3328 333 3387 toi.
348 3328 428 3376 2-13.
437 3329 753 3387 metuitur,timemus:
776 3332 805 3379 oi
817 3345 852 3379 no
864 3346 915 3380 one
927 3331 1010 3380 man'

243 3403 290 3450 the
301 3405 399 3452 second
412 3406 475 3453 verb
495 3405 615 3455 includes
634 3407 680 3455 the
692 3407 754 3455 law·
807 3405 819 3462 i
842 3408 881 3457 68.
912 3407 1012 3456 16-18.
1038 3407 1104 3457 Sed
1127 3408 1206 3470 quis,
1225 3409 1285 3460 ‘but

243 3493 289 3540 yer
307 3481 372 3528 with
391 3482 438 3530 the
457 3482 552 3543 clicnt;
569 3484 603 3532 ci.
622 3483 692 3531 Mur.
707 3484 752 3533 20.
777 3483 847 3541 (that
871 3485 892 3532 is
923 3485 1085 3546 impossible,
1118 3485 1174 3548 for)
1205 3485 1283 3537 who!

242 3557 281 3603 21.
317 3569 353 3604 ea
371 3569 458 3614 voce,
473 3555 523 3606 '‘so
542 3558 603 3607 lond
623 3574 639 3607 a
657 3560 750 3608 voice·
775 3560 867 3608 armis
879 3573 1012 3618 sanares,
1024 3575 1040 3610 a
1051 3561 1115 3612 bold
1127 3576 1282 3626 oxymoron.

243 3630 330 3680 'l'hese
342 3635 644 3684 wordsareintrodnced
654 3636 752 3698 merely
773 3634 870 3693 locus,
891 3635 1101 3700 ‘opportunityl
1140 3639 1283 3702 Pompeius

241 3712 271 3755 to
288 3710 347 3771 give
365 3710 459 3771 reality
472 3717 499 3758 to
517 3711 564 3759 the
581 3713 690 3773 speech:
708 3727 751 3761 see
774 3712 826 3760 had
846 3713 950 3761 refused
969 3718 999 3762 to
1016 3713 1102 3764 admit
1121 3715 1189 3767 Milo
1205 3722 1233 3764 to
1244 3715 1283 3764 his

242 3798 277 3832 on
289 3788 302 3846 t
314 3785 352 3834 33.
373 3786 412 3836 32.
448 3786 612 3836 exaudire:
630 3788 664 3837 cf.
683 3788 747 3842 suli.
772 3802 906 3855 presence.
