2678 4260
165 237 228 306 360
522 251 727 304 urrsrooln
749 252 945 304 sensorio.

195 448 200 457 '
218 433 293 509 feei,
312 434 486 498 voluntate
503 455 578 497 suru
594 432 760 497 adductus
777 441 960 517 posteaque
977 430 1188 508 coustantia3
1205 431 1265 497 sed

165 555 194 600 25
216 538 355 622 reliqua,
367 537 449 600 mihi
460 536 681 614 or·ede,1nulto
693 538 799 601 nraius
810 558 921 601 rneunr
931 536 1084 601 studium
1094 537 1265 601 maiorem-

219 664 285 728 que
302 643 501 729 gravitatem
518 649 552 707 et
568 642 715 707 laborem
731 641 943 717 desiderant3
969 663 1054 726 quae
1073 662 1135 728 ego
1151 642 1179 706 si
1196 664 1264 706 non

218 745 422 832 profundere
449 768 487 811 ao
514 746 652 832 perdere
681 745 829 823 videbor,
858 745 1012 810 omnibus
1038 746 1119 810 meis
1136 746 1264 812 viribus

218 850 409 926 sustinebo;
433 852 484 915 sin
512 858 624 915 autem
652 851 783 937 ingrate
809 872 879 916 esse
908 851 1060 926 sentiam,
1085 871 1153 914 non
1180 872 1265 915 oom-

219 955 360 1031 mittam,
379 963 419 1019 ut
441 955 502 1019 tibi
528 956 592 1040 ipsi
620 956 763 1019 insanire
780 953 905 1020 videar.
952 954 1002 1018 Ea
1029 975 1115 1039 quae
1138 955 1209 1020 sint
1231 963 1266 1019 et

165 1075 195 1120 ³0
217 1059 414 1135 cuiusmodi,
443 1061 567 1144 poteris
595 1083 636 1124 ex
668 1059 854 1145 Pomponio
886 1081 1097 1146 cognoscere.
1146 1059 1263 1145 Atque

219 1163 329 1248 ipsum
346 1164 407 1227 tibi
435 1163 658 1249 Pomponium
686 1166 733 1228 ita
761 1163 966 1240 commendo,
993 1172 1042 1240 ut,
1060 1185 1265 1248 quamquam

219 1267 324 1352 ipsius
340 1289 439 1332 eausa
455 1268 585 1334 conlido
601 1275 634 1332 te
653 1268 821 1333 faoturunr
839 1290 910 1333 esse
932 1269 1051 1344 omnia,
1070 1275 1182 1332 tamen
1207 1268 1263 1332 abs

218 1377 251 1435 te
268 1370 329 1435 hoe
346 1379 470 1456 petam
484 1380 533 1449 ut,
550 1373 578 1436 si
595 1372 678 1457 quid
694 1374 728 1436 in
745 1382 778 1438 te
804 1372 929 1438 residet
950 1373 1071 1438 amoris
1097 1394 1177 1460 erga
1200 1395 1262 1450 me,

218 1474 365 1540 idemne
382 1477 416 1538 in
434 1476 610 1562 Pomponii
627 1479 763 1564 negotio
787 1478 964 1544 ostendas:
989 1478 1051 1542 hoe
1075 1478 1157 1541 mihi
1181 1477 1265 1541 nihil

165 1593 194 1640 es
216 1581 345 1667 gratius
361 1579 469 1645 faeere
485 1589 589 1666 potes.
641 1660 643 1664 Α

604 1875 830 1888 -ᾟ

684 2069 748 2133 III.

600 2249 656 2306 (Ao
667 2248 735 2294 ΑΤΤ.
749 2261 766 2294 1.
780 2250 830 2303 16.)

521 2411 652 2458 CICERO
675 2411 806 2458 ATTICO
830 2411 907 2458 SAL.

106 2594 109 2599 ·
188 2570 204 2629 1
265 2567 406 2648 Quaeris
439 2591 480 2634 ex
517 2592 578 2644 nre,
612 2569 695 2653 quid
725 2568 884 2633 acciderit
921 2569 961 2634 de
1000 2568 1134 2646 iudicio,
1173 2569 1265 2654 quod

219 2681 288 2737 tam
312 2682 443 2757 praeter
474 2674 663 2758 opinionem
695 2673 844 2736 omniurn
875 2673 1003 2736 factum
1033 2674 1088 2749 sit,
1105 2681 1141 2737 et
1162 2672 1264 2738 simul

248 2879 292 2938 ie.
312 2882 412 2930 24-33.
430 2896 499 2931 sum
508 2881 678 2931 adductus:
691 2896 726 2931 sc.
753 2881 861 2930 AttIcus
870 2879 915 2942 (ef.
928 2881 977 2943 Ep.
989 2881 1026 2930 ΙΙ.
1040 2880 1066 2928 1.
1079 2880 1105 2943 5)
1117 2881 1145 2930 in
1155 2882 1262 2944 Epirus,

216 2962 247 3010 ut
262 2960 394 3021 facerem.
437 2959 621 3016 constantia,
649 2959 727 3008 ‘eon-
752 2958 868 3006 towards
878 2957 923 3005 the
935 2957 988 3006 end
997 2957 1026 3006 oi
1038 2957 1109 3019 May,
1120 2958 1160 3014 61,
1172 2959 1264 3021 giving

216 3037 350 3099 sistency.’
392 3037 518 3098 reliqua,
548 3038 593 3086 the
627 3038 728 3086 threet·
752 3048 787 3082 an
799 3040 913 3083 account
925 3034 954 3083 oi
971 3034 1018 3082 the
1030 3033 1092 3082 trial
1106 3034 1135 3082 of
1154 3033 1264 3084 Clodius

171 3142 174 3147 ·
216 3115 284 3163 ened
322 3114 376 3162 suit
409 3115 451 3163 lor·
487 3115 722 3176 misgovernnrent.
752 3107 793 3172 (§§
808 3110 873 3172 1-5),
883 3111 912 3159 of
923 3111 965 3159 his
977 3124 1037 3158 own
1050 3110 1167 3173 position
1177 3112 1206 3160 in
1217 3111 1264 3160 the

217 3189 404 3248 desiderant,
416 3205 445 3240 as
462 3192 488 3239 in
508 3192 556 3253 52.
572 3193 609 3240 10.
646 3203 725 3251 quae
751 3192 819 3237 state
832 3187 885 3235 and
900 3187 990 3248 public
1003 3191 1115 3236 matters
1128 3187 1263 3249 generally

216 3267 299 3317 refers
311 3272 340 3315 to
351 3267 576 3326 provilrrternand
590 3268 726 3318 laborem:
753 3263 790 3324 (ii
805 3265 901 3323 11-135,
921 3264 975 3312 and
992 3261 1084 3325 finally
1101 3264 1219 3326 treating
1234 3264 1264 3313 oi

216 3343 260 3392 ior
278 3343 378 3406 gender
394 3344 428 3392 ci.
448 3345 513 3394 Suli.
528 3343 623 3395 73.19.
661 3357 724 3394 non
751 3343 874 3406 personui
901 3347 1021 3391 matters.
1058 3340 1110 3390 For
1132 3341 1180 3389 the
1202 3340 1263 3389 trial

217 3420 418 3477 committam,
432 3424 480 3468 ut:
497 3421 531 3469 cl.
547 3421 599 3469 ΙΙΙ.
619 3420 664 3468 17.
683 3422 721 3469 26.
750 3420 779 3468 ol
802 3420 911 3468 Clodius
936 3418 999 3467 read
1021 3432 1046 3480 p.
1058 3418 1098 3478 41,
1122 3417 1149 3476 §5
1162 3416 1202 3477 73,
1222 3416 1261 3476 74,

217 3495 273 3544 abs
285 3499 330 3545 te:
348 3497 484 3558 ci.§2.9;
502 3497 567 3546 Sull.
581 3496 606 3544 3.
620 3498 659 3557 30,
674 3498 726 3545 and
750 3496 803 3544 and
827 3496 869 3545 ior
895 3496 941 3545 the
967 3494 1084 3544 senate's
1110 3499 1171 3556 part
1191 3494 1220 3542 in
1243 3495 1264 3542 it

132 3631 141 3644 ⁴
217 3573 333 3622 seeonl.
344 3572 436 3621 2211.
750 3588 775 3635 p.
790 3572 830 3634 74,
844 3574 870 3633 ξς
883 3573 915 3621 96
926 3572 978 3620 end
991 3572 1031 3621 99.

448 3638 497 3687 ffl·
782 3650 977 3699 sunorrnor
992 3661 997 3696 :
1016 3647 1123 3697 Formal
1136 3647 1264 3696 etfamil-

251 3726 589 3777 IrrrnonucrossrNoru:
612 3727 727 3775 Written
751 3726 812 3774 iar?
846 3725 941 3774 Notioe
958 3724 1018 3772 that
1037 3725 1083 3772 tire
1099 3737 1173 3772 same
1192 3723 1262 3773 form

216 3795 287 3851 from
310 3802 394 3851 Rome
414 3808 442 3852 to
463 3802 540 3850 Titus
564 3803 728 3864 Pomponius
753 3803 773 3851 is
787 3802 848 3850 used
864 3802 890 3848 in
901 3798 936 3848 all
949 3800 996 3848 the
1009 3798 1101 3848 letters
1113 3804 1142 3848 to
1154 3800 1264 3851 Atticus
