2678 4260
165 248 233 323 tto
526 260 598 319 Puo
619 260 649 319 Ρ.
674 260 800 319 sns'no
822 261 970 319 enarro.

217 462 296 506 cum
326 439 407 525 ipsis
437 439 543 504 Nonis
575 439 758 504 Sextilibus
786 439 873 504 idem
902 440 972 504 dies
1000 439 1169 506 adventus
1201 440 1267 509 mei

178 542 338 609 ofuisset
360 544 554 628 reditusque
580 544 709 619 natalis,
728 543 813 607 idem
838 545 1025 608 carissimae
1048 544 1146 621 filiae,
1164 565 1266 629 quam

218 670 260 713 ex
290 649 486 735 gravissimo
517 656 590 712 tum
623 648 766 731 primurn
799 647 963 712 desiderio
994 648 1160 733 luctuque
1192 671 1269 715 con·

217 754 324 837 spexi,
351 752 439 817 idem
470 752 572 815 etiam
597 751 700 835 ipsius
733 752 880 815 coloniae
915 751 1148 830 Brundisinae,
1176 753 1268 819 idem

218 855 354 932 Salutis,
371 878 515 940 cumque
540 877 592 919 me
615 854 732 918 deuius
756 854 870 919 eadem
902 864 1114 940 optumorum
1140 865 1175 923 et
1193 856 1270 923 doc-

218 960 424 1025 tissimorum
462 960 620 1034 virorum,
653 958 699 1021 M.
733 959 837 1023 Laeni
879 959 992 1024 Flacci
1026 970 1061 1026 et
1090 963 1196 1047 patris
1234 968 1269 1027 et

167 1083 196 1129 ιο
216 1063 330 1129 fratris
354 1065 435 1140 eius,
462 1064 643 1128 laetissima
669 1064 862 1147 accepisset,
887 1086 972 1148 quae
1000 1067 1152 1150 proximo
1179 1088 1268 1130 anno

219 1191 368 1234 maerens
395 1176 565 1252 receperat
588 1175 622 1231 et
644 1189 705 1231 suo
729 1167 895 1252 praesidio
920 1171 1137 1256 periculoque
1155 1170 1268 1236 defen·

221 1274 324 1339 derat.
372 1273 522 1336 Cunctae
548 1273 666 1336 itinere
692 1278 763 1335 toto
792 1270 891 1338 urbes
920 1273 1038 1339 Italiae
1066 1275 1172 1340 festos
1196 1275 1267 1340 dies

219 1401 317 1464 agere
336 1377 502 1442 adventus
527 1378 591 1440 inei
608 1376 818 1454 videbantur,
838 1379 912 1443 viae
939 1379 1156 1444 multitudine
1181 1380 1268 1467 lega·

221 1492 332 1548 torum
370 1481 520 1565 undique
559 1481 737 1544 missorum
779 1484 1039 1559 celebrabantur,
1071 1484 1115 1548 ad
1153 1485 1267 1550 urbem

168 1604 195 1650 15
217 1609 370 1653 accessus
401 1584 587 1649 incredibili
627 1586 802 1651 hominum
841 1588 1059 1653 multitudine
1092 1595 1128 1653 et
1157 1600 1269 1675 gratu·

219 1693 343 1756 latione
371 1688 520 1764 florebat,
543 1689 606 1753 iter
633 1711 653 1753 a
678 1699 782 1775 porta,
807 1693 843 1755 in
871 1692 1076 1776 Capitolium
1101 1713 1269 1769 ascensus,

219 1797 355 1862 domum
380 1794 509 1859 reditus
532 1802 604 1858 erat
629 1797 701 1860 eius
733 1797 831 1872 modi,
858 1805 898 1860 ut
922 1818 1051 1860 summa
1072 1797 1108 1859 in
1139 1797 1269 1861 laetitia

218 1901 305 1965 illud
322 1899 478 1975 dolerem,
495 1899 667 1963 civitatem
684 1909 751 1964 tam
769 1909 899 1987 gratam
916 1910 983 1965 tam
999 1901 1154 1965 miseram
1166 1909 1268 1985 atque

167 2018 196 2064 19
217 2027 405 2091 oppressam
423 2003 538 2068 fuisse.

147 2110 204 2174 132
256 2111 369 2175 Habes
402 2111 516 2196 igitur,
554 2106 646 2194 quod
684 2130 725 2174 ex
764 2130 815 2174 me
852 2109 1024 2193 quaesisti,
1058 2108 1117 2192 qui
1155 2117 1269 2174 essent

219 2223 418 2301 optumates.
480 2214 556 2277 Non
588 2222 641 2278 est
673 2213 807 2289 ‘natio,'
840 2221 879 2277 ut
909 2213 1051 2287 dixisti3
1084 2212 1176 2297 quod
1206 2235 1268 2298 ego

221 2319 359 2385 verbum
377 2319 520 2405 agnovi3
546 2325 597 2382 est
613 2317 702 2382 enim
721 2317 821 2392 illins,
839 2339 858 2380 a
881 2339 948 2400 quo
974 2338 1041 2380 uno
1066 2317 1211 2381 maxime
1229 2316 1267 2379 P.

219 2423 348 2490 Sestius
379 2445 413 2488 se
446 2424 632 2509 oppugnari
665 2422 768 2497 videt,
801 2422 943 2486 hominis
975 2423 1057 2495 eius,
1090 2421 1149 2505 qui
1183 2420 1268 2484 hanc

222 2527 427 2593 ‘nationem’
445 2527 549 2591 deleri
573 2534 608 2590 et
630 2525 761 2590 concidi
787 2527 925 2610 cupivit,
945 2526 1001 2609 qui
1023 2523 1061 2588 C.
1079 2522 1267 2600 Caesarem,

165 2648 195 2695 at
217 2633 331 2698 mitem
356 2632 524 2695 hominem
548 2637 583 2694 et
610 2651 629 2694 a
652 2631 752 2695 caede
778 2630 1019 2704 abhorrentem,
1043 2649 1140 2712 saepe
1165 2629 1269 2692 incre·

249 2888 312 2938 4-3
328 2888 359 2936 Ν
367 2888 462 2945 onis,
480 2887 532 2936 abl.
547 2887 576 2935 of
594 2887 668 2948 time,
682 2887 731 2936 but
756 2886 853 2949 ‘along
864 2888 911 2936 the
923 2885 1011 2935 whole
1023 2883 1107 2945 way:'
1127 2883 1171 2931 for
1187 2885 1268 2934 omis·

217 2969 301 3016 trans.
315 2977 346 3013 as
357 2964 533 3023 nominative,
548 2963 660 3024 making
672 2963 730 3011 diet
752 2965 810 3013 sion
835 2964 863 3012 of
880 2977 954 3024 prep.
974 2975 1017 3010 see
1034 2958 1181 3019 cultello,
1195 2959 1262 3009 Suli.

218 3042 365 3105 predicate:
379 3040 474 3090 ‘Siuce
486 3040 533 3087 the
545 3039 605 3087 fifth
616 3039 645 3087 of
657 3039 730 3100 Aug·
751 3041 797 3089 42.
817 3041 840 3089 6.
883 3039 1046 3093 adventus,
1067 3049 1127 3098 gen.
1150 3035 1268 3098 modiiy-

217 3125 262 3168 ust
281 3118 334 3167 had
355 3117 423 3166 been
446 3120 474 3164 at
497 3117 544 3164 the
567 3129 640 3164 same
663 3116 729 3163 time
752 3117 799 3179 Ing
821 3118 886 3165 dies.
933 3112 1072 3169 florebat,
1098 3111 1169 3162 ‘was
1199 3112 1268 3161 hon·

218 3192 312 3256 (idem)
326 3195 371 3242 the
381 3193 555 3253 anniversary
564 3191 594 3240 of
605 3205 650 3252 my
657 3204 729 3240 com·
751 3191 832 3242 ored.’
852 3183 1002 3247 ¹domum,
1022 3188 1092 3237 limlt
1110 3188 1138 3235 of
1159 3188 1266 3236 metton

218 3270 272 3333 ing,
295 3270 308 3318 I
329 3283 408 3317 mean
431 3269 460 3316 of
486 3282 531 3331 my
551 3273 653 3328 return,
674 3267 727 3316 and
750 3268 821 3316 after
833 3268 879 3316 the
891 3265 981 3315 verbal
994 3277 1067 3313 noun
1086 3262 1211 3312 reditas:
1230 3263 1264 3312 cf.

218 3344 313 3408 (idem)
326 3346 372 3393 thc
387 3342 536 3407 [birtiulay]
551 3345 579 3392 ol
597 3358 651 3406 my,
665 3343 725 3393 etc’
751 3343 826 3394 Caes.
841 3345 862 3393 Ι.
875 3343 901 3391 ὃ.
913 3343 936 3392 3.
974 3341 1032 3390 The
1044 3340 1130 3388 house
1147 3338 1265 3388 referred

217 3434 304 3483 -que:
328 3435 371 3471 see
390 3435 425 3470 on
445 3423 478 3480 et,
492 3421 504 3478 5
517 3421 557 3470 55.
571 3421 594 3469 8.
630 3418 727 3468 fiIIae:
750 3425 778 3469 to
796 3434 850 3469 was
873 3420 915 3468 his
939 3416 1063 3476 father-’s
1082 3414 1213 3476 occupied
1238 3421 1266 3463 at

217 3497 444 3548 contestantem.
466 3496 629 3553 ex,‘after.’
643 3495 728 3543 colo·
749 3496 796 3544 the
836 3495 901 3543 time
940 3494 974 3555 by
1014 3490 1140 3552 Quintus.
1198 3492 1266 3539 tam

217 3573 294 3631 niae,
303 3572 435 3622 Salutis:
448 3587 491 3622 see
503 3587 537 3622 ou
552 3574 601 3634 Ep.
616 3572 725 3620 XXIII.
750 3573 881 3630 gratam:
893 3570 935 3617 for
945 3569 991 3616 the
1003 3566 1120 3629 thought
1133 3565 1168 3615 cf.
1180 3565 1193 3624 ς
1207 3565 1262 3615 122.

217 3647 243 3697 4.
255 3649 296 3709 33,
310 3649 349 3698 34.
750 3648 779 3694 21
793 3645 812 3694 i.

249 3723 330 3774 9-18.
356 3723 517 3773 M.Laeni
539 3723 660 3771 Flacci:
684 3736 727 3771 see
781 3721 868 3778 5132.
892 3721 937 3769 22.
961 3719 1053 3777 Illius,
1076 3719 1107 3769 P.
1122 3718 1261 3780 Vaticius,

217 3799 268 3868 Ep.
277 3800 359 3853 XIII.
369 3800 422 3850 Int.
433 3799 512 3852 Note.
531 3799 642 3850 Itinere
649 3801 727 3860 toto,
750 3796 796 3849 the
808 3797 882 3850 chief
899 3797 1009 3850 witness
1020 3795 1129 3861 agalasi
1146 3795 1259 3863 sethus.
