2678 4260
357 286 411 342 rr.
435 285 541 354 xxii,
566 286 580 354 i
603 289 630 353 5³
659 285 780 353 xxm,
805 287 819 354 s
856 289 897 342 a.
1132 272 1196 344 423

99 487 160 535 nec
184 469 355 535 fortiorem
380 492 440 534 neo
467 469 718 554 prudentiorem
742 491 843 555 quam
869 492 921 535 me
946 469 1066 555 ipsum,
1084 493 1145 536 nec
1183 487 1196 531 5

99 575 200 639 etiam
217 598 275 660 pro
291 575 470 660 praeterita
495 597 568 640 mea
590 576 624 639 in
648 583 680 640 te
707 575 918 640 observantia
945 575 1086 638 nimium
1109 576 1144 639 in

99 678 251 743 custodia
280 679 399 743 salutis
427 701 518 743 meae
550 678 756 765 diligentem,
780 677 990 762 eundemque
1016 685 1059 755 te,
1083 681 1141 764 qui

99 784 214 867 primis
230 782 434 867 temporibus
451 784 570 847 erroris
587 785 693 848 nostri
709 790 769 848 aut
780 783 893 868 potius
909 781 1031 847 furoris
1047 785 1145 868 parti-

99 909 176 971 ceps
193 895 228 951 et
239 886 313 951 falsi
331 887 458 951 timoris
474 888 584 952 socius
597 886 728 964 fuisses,
742 887 951 952 acerbissime
968 886 1144 952 discidium

99 1000 251 1080 nostrum
268 992 385 1056 tulisse
402 992 652 1076 plurimumque
668 1013 798 1076 operae,
811 980 926 1068 studii,
940 990 1145 1078 diligentiae,
1169 1008 1198 1053 10

99 1094 220 1159 laboris
250 1094 291 1159 ad
323 1094 566 1160 conficiendum
603 1094 749 1161 reditum
788 1118 907 1173 meum,
938 1096 1142 1161 contulisse:
1242 1131 1248 1142 ·

100 1200 213 1283 itaque
226 1200 288 1263 hoc
305 1199 366 1263 tibi
383 1222 459 1264 vere
475 1199 612 1277 affirmo,
630 1201 664 1264 in
681 1202 827 1264 maxima
841 1200 971 1265 laetitia
986 1207 1021 1264 et
1044 1222 1142 1285 exop
1163 1205 1183 1266 2

100 1313 263 1376 tatissima
278 1312 501 1398 gratulatione
526 1334 631 1376 unum
655 1311 697 1376 ad
721 1311 964 1376 cumulandum
982 1312 1144 1399 gaudium

99 1424 315 1501 conspectum
327 1423 386 1480 aut
401 1417 514 1500 potius
531 1416 744 1500 complexum
761 1416 842 1479 mihi
859 1424 957 1480 tuum
973 1415 1141 1492 defuisse;

99 1542 200 1603 quem
226 1520 327 1584 semel
352 1527 470 1584 nactus
496 1541 678 1604 numquam
706 1519 863 1584 dimisero
890 1542 938 1596 ac,
956 1520 1020 1584 nisi
1046 1521 1146 1584 etiam
1170 1535 1198 1580 rs

99 1625 347 1709 praetermissos
364 1623 494 1688 fructus
512 1630 589 1688 tuae
605 1625 783 1689 suavitatis
799 1625 970 1708 praeteriti
987 1625 1145 1708 temporis

99 1750 213 1793 omnes
241 1749 392 1814 exegero,
409 1726 559 1813 profecto
586 1727 647 1792 hac
675 1728 887 1792 restitutione
915 1726 1069 1791 fortunae
1094 1749 1145 1793 mo

99 1834 169 1917 ipse
186 1834 349 1897 nonsatis
367 1831 507 1918 dignum
532 1831 694 1897 iudicabo.
742 1833 810 1896 Nos
835 1832 956 1907 adhuc,
973 1833 1007 1895 in
1031 1839 1144 1896 nostro
1166 1835 1187 1896 3

99 1945 192 2001 statu
208 1936 299 2023 quod
315 1935 509 2001 difficillime
526 1933 716 2022 recuperari
733 1959 828 2022 posse
844 1936 994 2001 arbitrati
1016 1957 1142 2012 sumus

99 2041 309 2126 splendorem
325 2048 477 2106 nostrum
493 2041 590 2104 illum
607 2040 773 2106 forensem
789 2042 873 2105 etin
892 2048 1012 2104 senatu
1036 2047 1147 2104 aucto
1169 2055 1199 2101 ao

99 2148 232 2211 ritatem
249 2153 283 2211 et
298 2145 388 2231 apud
405 2146 492 2210 viros
509 2144 613 2209 bonos
634 2147 776 2232 gratiam
799 2147 915 2231 magis,
932 2167 1033 2229 quam
1056 2152 1146 2229 opta-

99 2273 221 2328 ramus,
244 2251 415 2316 consecuti
446 2271 586 2324 sumus3
611 2251 645 2313 in
674 2272 707 2315 re
732 2257 845 2314 autem
869 2249 1035 2323 familiari,
1060 2270 1144 2332 quae
1222 2279 1227 2287 ·

99 2355 381 2440 quemadmodum
393 2354 510 2431 fracta,
522 2353 692 2438 dissipata,
704 2354 834 2438 direpta
849 2355 902 2430 sit,
916 2374 983 2416 non
999 2354 1142 2438 ignoras,

99 2459 196 2525 valde
221 2460 407 2524 laboramus
432 2467 635 2542 tuarumque
658 2480 724 2522 non
749 2466 818 2522 tam
834 2457 1044 2533 facultatum,
1062 2478 1145 2541 quas

99 2586 161 2650 ego
174 2571 303 2629 nostras
316 2585 387 2628 esse
405 2561 526 2638 iudice,
538 2583 639 2647 quam
652 2563 868 2627 consiliorum
884 2560 927 2625 ad
943 2560 1147 2647 colligendas
1169 2577 1199 2624 ac

130 2744 156 2795 5.
176 2744 510 2806 meipsumzwhatcase
523 2742 610 2793 would
634 2743 664 2792 of
696 2742 817 2793 cruciaci
858 2753 1025 2802 numquam
1062 2741 1149 2789 dimi-

97 2822 131 2872 be
148 2834 222 2871 more
238 2820 363 2870 correct?
402 2820 452 2870 See
469 2834 504 2869 on
521 2820 571 2882 Ep.
588 2819 608 2868 l.
633 2831 720 2868 sero:
738 2819 781 2869 ior
792 2818 839 2867 the
849 2819 1037 2880 exaggeration
1047 2817 1082 2866 ci.
1097 2818 1146 2879 Ep.

98 2896 124 2944 3.
136 2897 175 2950 27.
635 2896 688 2946 ΙΙΙ.
707 2895 733 2943 4.
750 2895 794 2956 533
810 2895 852 2944 for
869 2898 945 2943 tense
963 2895 1012 2955 Ep.
1029 2892 1108 2942 XIX.
1122 2892 1148 2940 1.

131 2976 180 3036 §a
198 2972 300 3022 13-16.
318 2972 533 3035 gratulatione,
552 2970 612 3021 ‘ex-
636 2975 673 3022 11.
716 2971 884 3020 suavitatis
907 3005 960 3018 ...
983 2969 1148 3031 temporis:

98 3051 234 3110 ultation,’
258 3049 356 3100 almost
373 3049 421 3099 the
438 3062 511 3099 same
533 3047 613 3111 thing
634 3050 678 3099 ior
686 3039 838 3099 thedouble
850 3062 908 3111 gen.
919 3047 954 3096 of.
963 3047 1012 3108 Ep.
1027 3046 1061 3096 V.
1072 3046 1097 3094 2.
1109 3047 1146 3096 12.

98 3142 128 3178 as
151 3127 268 3187 taetitia,
298 3127 352 3187 l.e.,
383 3125 430 3174 the
458 3124 559 3186 feellng
584 3124 614 3173 of
666 3124 712 3183 1¹7,
723 3124 770 3173 18.
788 3123 1003 3173 restitutione:
1027 3122 1149 3171 forense

99 3204 192 3255 Cicero
205 3202 324 3264 himself,
338 3207 386 3252 not
397 3202 444 3251 the
456 3201 612 3264 expression
635 3201 669 3251 ci.
679 3202 750 3261 odio,
760 3200 904 3261 mppttcio,
915 3198 966 3247 ΙΙΙ.
977 3198 1069 3248 2217.
1100 3209 1149 3247 me

98 3281 128 3330 of
150 3281 221 3330 their
238 3280 353 3343 feelings
373 3279 476 3329 toward
498 3280 556 3328 him
579 3278 613 3341 by
635 3278 717 3340 ipse:
738 3282 876 3327 comment
895 3290 968 3338 upon
989 3275 1061 3324 their
1080 3275 1150 3336 posi·

99 3358 199 3408 others.
233 3356 334 3408 Which
346 3357 374 3405 ln
392 3355 468 3406 Caes.
482 3356 504 3406 1.
518 3354 563 3403 ⁵3.
575 3355 614 3404 6?
636 3355 702 3404 tion.
739 3354 792 3403 For
808 3367 869 3403 case
888 3352 917 3401 of
934 3353 993 3413 ipse
1010 3365 1054 3400 see
1072 3364 1108 3400 on
1126 3349 1147 3399 1.

99 3436 312 3496 conspectum,
332 3432 414 3496 ‘your
430 3431 509 3494 face,’
531 3431 614 3494 ‘your
635 3430 716 3481 123.

101 3510 218 3574 (joyous)
229 3509 334 3560 tooksz’
346 3509 381 3558 cf.
396 3509 461 3559 Sull.
472 3507 550 3570 26.7,
560 3508 613 3557 and
669 3509 682 3569 ξ
695 3507 718 3557 3.
738 3505 841 3554 19-24.
862 3504 962 3566 quod:
984 3503 1027 3552 for·
1050 3501 1151 3565 gender

99 3590 226 3650 aspectus
254 3587 304 3636 IV.
334 3585 381 3633 11.
413 3587 450 3636 16.
508 3597 613 3646 quem:
637 3597 680 3632 see
691 3598 726 3633 on
739 3583 788 3644 Ep.
803 3580 919 3631 xvia.
932 3581 986 3629 116.
1020 3577 1151 3627 faculta-

100 3666 188 3714 where
201 3665 223 3713 is
235 3664 269 3713 its
281 3663 466 3713 antecedenti
494 3661 536 3712 cf.
547 3661 612 3711 Sull.
636 3662 717 3707 tum:
736 3660 779 3708 ior
790 3658 919 3719 meaning
929 3657 964 3706 of.
976 3655 1052 3704 Caes.
1068 3654 1089 3704 1.
1103 3652 1150 3706 18.

100 3740 145 3798 ¹79,
156 3741 200 3803 263
213 3741 234 3790 1.
247 3740 272 3788 7.
279 3741 318 3788 22.
354 3737 451 3787 semel
463 3740 574 3786 nactus
587 3759 612 3786 =
636 3737 664 3797 43
675 3735 718 3785 for
729 3747 789 3784 case
801 3733 835 3782 A.
850 3733 909 3794 2233
928 3731 960 3782 G.
973 3730 1022 3780 389
1034 3730 1109 3780 Rern.
1123 3730 1152 3791 2;

99 3818 145 3868 irbi
155 3816 342 3868 aemelnactus
352 3828 410 3865 ero:
426 3815 531 3878 princp.
541 3818 615 3876 parts
638 3811 673 3860 H.
687 3811 735 3860 410
745 3809 791 3872 V.,
806 3810 833 3872 13
851 3805 884 3858 Β.
896 3804 946 3856 212
958 3805 971 3854 1
984 3818 1009 3854 α.

849 3968 868 3998 ἱ
