<?xml version="1.0" encoding="UTF-8"?>
<!DOCTYPE html PUBLIC "-//W3C//DTD XHTML 1.0 Transitional//EN"
    "http://www.w3.org/TR/xhtml1/DTD/xhtml1-transitional.dtd">
<html xmlns="http://www.w3.org/1999/xhtml" xml:lang="en" lang="en">
 <head>
  <title>
</title>
<meta http-equiv="Content-Type" content="text/html;charset=utf-8" />
  <meta name='ocr-system' content='tesseract 3.04.00' />
  <meta name='ocr-capabilities' content='ocr_page ocr_carea ocr_par ocr_line ocrx_word'/>
</head>
<body>
  <div class='ocr_page' id='page_1' title='image "./selectedoration00cicegoog_0543.png"; bbox 0 0 2678 4260; ppageno 0'>
   <div class='ocr_carea' id='block_1_1' title="bbox 165 241 1039 317">
    <p class='ocr_par' dir='ltr' id='par_1_1' title="bbox 165 241 1039 317">
     <span class='ocr_line' id='line_1_1' title="bbox 165 241 1039 317; baseline -0.002 -2"><span class='ocrx_word' id='word_1_1' title='bbox 165 241 230 317; x_wconf 79' lang='grc'>510</span> <span class='ocrx_word' id='word_1_2' title='bbox 428 257 500 313; x_wconf 78' lang='lat' dir='ltr'>rso</span> <span class='ocrx_word' id='word_1_3' title='bbox 523 257 554 313; x_wconf 83' lang='lat' dir='ltr'>r.</span> <span class='ocrx_word' id='word_1_4' title='bbox 579 255 699 314; x_wconf 74' lang='lat' dir='ltr'>asmo</span> <span class='ocrx_word' id='word_1_5' title='bbox 722 255 868 312; x_wconf 82' lang='lat' dir='ltr'>urtosa</span> <span class='ocrx_word' id='word_1_6' title='bbox 891 254 1039 313; x_wconf 72' lang='grc'>0111110.</span> 
     </span>
    </p>
   </div>
   <div class='ocr_carea' id='block_1_2' title="bbox 166 431 1268 2700">
    <p class='ocr_par' dir='ltr' id='par_1_2' title="bbox 179 431 1267 934">
     <span class='ocr_line' id='line_1_2' title="bbox 179 431 1265 518; baseline 0.002 -24"><span class='ocrx_word' id='word_1_7' title='bbox 179 450 194 494; x_wconf 84' lang='lat'>5</span> <span class='ocrx_word' id='word_1_8' title='bbox 217 435 350 498; x_wconf 90' lang='lat' dir='ltr'>Lanuvi</span> <span class='ocrx_word' id='word_1_9' title='bbox 379 433 473 509; x_wconf 91' lang='lat' dir='ltr'>Milo,</span> <span class='ocrx_word' id='word_1_10' title='bbox 497 434 603 497; x_wconf 88' lang='lat' dir='ltr'>Roma</span> <span class='ocrx_word' id='word_1_11' title='bbox 633 432 746 497; x_wconf 88' lang='lat' dir='ltr'>subito</span> <span class='ocrx_word' id='word_1_12' title='bbox 774 434 844 518; x_wconf 91' lang='lat' dir='ltr'>ipse</span> <span class='ocrx_word' id='word_1_13' title='bbox 872 432 1044 517; x_wconf 87' lang='lat' dir='ltr'>profectus</span> <span class='ocrx_word' id='word_1_14' title='bbox 1072 431 1181 517; x_wconf 85' lang='lat' dir='ltr'>pridie</span> <span class='ocrx_word' id='word_1_15' title='bbox 1204 438 1265 506; x_wconf 88' lang='lat' dir='ltr'>est,</span> 
     </span>
     <span class='ocr_line' id='line_1_3' title="bbox 221 536 1266 622; baseline -0.003 -20"><span class='ocrx_word' id='word_1_16' title='bbox 221 546 261 602; x_wconf 90' lang='lat' dir='ltr'>ut</span> <span class='ocrx_word' id='word_1_17' title='bbox 275 545 353 602; x_wconf 88' lang='lat' dir='ltr'>ante</span> <span class='ocrx_word' id='word_1_18' title='bbox 369 559 468 602; x_wconf 90' lang='lat' dir='ltr'>suum</span> <span class='ocrx_word' id='word_1_19' title='bbox 485 537 640 612; x_wconf 86' lang='lat' dir='ltr'>fundum,</span> <span class='ocrx_word' id='word_1_20' title='bbox 658 538 749 622; x_wconf 91' lang='lat' dir='ltr'>qnod</span> <span class='ocrx_word' id='word_1_21' title='bbox 772 560 805 602; x_wconf 86' lang='lat' dir='ltr'>re</span> <span class='ocrx_word' id='word_1_22' title='bbox 830 538 1042 602; x_wconf 88' lang='lat' dir='ltr'>intellectum</span> <span class='ocrx_word' id='word_1_23' title='bbox 1065 544 1127 613; x_wconf 90' lang='lat' dir='ltr'>est,</span> <span class='ocrx_word' id='word_1_24' title='bbox 1144 536 1266 601; x_wconf 88' lang='lat' dir='ltr'>Miloni</span> 
     </span>
     <span class='ocr_line' id='line_1_4' title="bbox 218 640 1267 725; baseline -0.001 -21"><span class='ocrx_word' id='word_1_25' title='bbox 218 641 355 706; x_wconf 85' lang='lat' dir='ltr'>insidias</span> <span class='ocrx_word' id='word_1_26' title='bbox 394 642 581 717; x_wconf 77' lang='lat' dir='ltr'>collocaret,</span> <span class='ocrx_word' id='word_1_27' title='bbox 614 649 716 725; x_wconf 90' lang='lat' dir='ltr'>atque</span> <span class='ocrx_word' id='word_1_28' title='bbox 749 643 796 704; x_wconf 89' lang='lat' dir='ltr'>ita</span> <span class='ocrx_word' id='word_1_29' title='bbox 827 640 998 725; x_wconf 88' lang='lat' dir='ltr'>profectus</span> <span class='ocrx_word' id='word_1_30' title='bbox 1029 648 1090 717; x_wconf 89' lang='lat' dir='ltr'>est,</span> <span class='ocrx_word' id='word_1_31' title='bbox 1123 649 1164 706; x_wconf 91' lang='lat' dir='ltr'>ut</span> <span class='ocrx_word' id='word_1_32' title='bbox 1194 662 1267 706; x_wconf 88' lang='lat' dir='ltr'>con·</span> 
     </span>
     <span class='ocr_line' id='line_1_5' title="bbox 221 745 1265 829; baseline -0.001 -20"><span class='ocrx_word' id='word_1_33' title='bbox 221 747 345 810; x_wconf 92' lang='lat' dir='ltr'>tionem</span> <span class='ocrx_word' id='word_1_34' title='bbox 369 745 611 822; x_wconf 79' lang='lat' dir='ltr'>turbulentam,</span> <span class='ocrx_word' id='word_1_35' title='bbox 628 747 662 807; x_wconf 94' lang='lat' dir='ltr'>in</span> <span class='ocrx_word' id='word_1_36' title='bbox 681 767 748 829; x_wconf 92' lang='lat' dir='ltr'>qua</span> <span class='ocrx_word' id='word_1_37' title='bbox 764 746 836 810; x_wconf 91' lang='lat' dir='ltr'>eius</span> <span class='ocrx_word' id='word_1_38' title='bbox 853 745 946 808; x_wconf 87' lang='lat' dir='ltr'>furor</span> <span class='ocrx_word' id='word_1_39' title='bbox 970 745 1181 810; x_wconf 89' lang='lat' dir='ltr'>desideratus</span> <span class='ocrx_word' id='word_1_40' title='bbox 1204 752 1265 820; x_wconf 88' lang='lat' dir='ltr'>est,</span> 
     </span>
     <span class='ocr_line' id='line_1_6' title="bbox 218 848 1265 934; baseline -0.002 -21"><span class='ocrx_word' id='word_1_41' title='bbox 218 871 303 934; x_wconf 90' lang='lat' dir='ltr'>quae</span> <span class='ocrx_word' id='word_1_42' title='bbox 328 851 386 913; x_wconf 93' lang='lat' dir='ltr'>illo</span> <span class='ocrx_word' id='word_1_43' title='bbox 410 851 482 933; x_wconf 91' lang='lat' dir='ltr'>ipso</span> <span class='ocrx_word' id='word_1_44' title='bbox 506 849 559 912; x_wconf 92' lang='lat' dir='ltr'>die</span> <span class='ocrx_word' id='word_1_45' title='bbox 585 848 698 912; x_wconf 88' lang='lat' dir='ltr'>habita</span> <span class='ocrx_word' id='word_1_46' title='bbox 729 856 789 925; x_wconf 91' lang='lat' dir='ltr'>est,</span> <span class='ocrx_word' id='word_1_47' title='bbox 818 850 1033 933; x_wconf 90' lang='lat' dir='ltr'>relinqueret,</span> <span class='ocrx_word' id='word_1_48' title='bbox 1066 871 1179 934; x_wconf 88' lang='lat' dir='ltr'>quam,</span> <span class='ocrx_word' id='word_1_49' title='bbox 1203 849 1265 913; x_wconf 90' lang='lat' dir='ltr'>nisi</span> 
     </span>
    </p>

    <p class='ocr_par' dir='ltr' id='par_1_3' title="bbox 167 951 1266 1037">
     <span class='ocr_line' id='line_1_7' title="bbox 167 951 1266 1037; baseline 0.003 -24"><span class='ocrx_word' id='word_1_50' title='bbox 167 969 195 1013; x_wconf 91' lang='lat'>10</span> <span class='ocrx_word' id='word_1_51' title='bbox 217 951 306 1016; x_wconf 90' lang='lat' dir='ltr'>obire</span> <span class='ocrx_word' id='word_1_52' title='bbox 334 951 490 1016; x_wconf 85' lang='lat' dir='ltr'>facinoris</span> <span class='ocrx_word' id='word_1_53' title='bbox 517 952 629 1015; x_wconf 91' lang='lat' dir='ltr'>locum</span> <span class='ocrx_word' id='word_1_54' title='bbox 655 960 857 1036; x_wconf 87' lang='lat' dir='ltr'>tempusque</span> <span class='ocrx_word' id='word_1_55' title='bbox 882 952 1056 1028; x_wconf 89' lang='lat' dir='ltr'>voluisset,</span> <span class='ocrx_word' id='word_1_56' title='bbox 1080 973 1266 1037; x_wconf 83' lang='lat' dir='ltr'>numquam</span> 
     </span>
    </p>

    <p class='ocr_par' dir='ltr' id='par_1_4' title="bbox 166 1055 1266 1451">
     <span class='ocr_line' id='line_1_8' title="bbox 166 1055 1265 1141; baseline 0 -20"><span class='ocrx_word' id='word_1_57' title='bbox 166 1060 205 1121; x_wconf 81' lang='lat'>28</span> <span class='ocrx_word' id='word_1_58' title='bbox 220 1056 422 1141; x_wconf 86' lang='lat' dir='ltr'>reliquisset.</span> <span class='ocrx_word' id='word_1_59' title='bbox 470 1055 554 1118; x_wconf 89' lang='lat' dir='ltr'>Milo</span> <span class='ocrx_word' id='word_1_60' title='bbox 573 1063 686 1119; x_wconf 90' lang='lat' dir='ltr'>autem</span> <span class='ocrx_word' id='word_1_61' title='bbox 703 1077 778 1119; x_wconf 89' lang='lat' dir='ltr'>cum</span> <span class='ocrx_word' id='word_1_62' title='bbox 795 1056 830 1118; x_wconf 92' lang='lat' dir='ltr'>in</span> <span class='ocrx_word' id='word_1_63' title='bbox 846 1062 967 1120; x_wconf 91' lang='lat' dir='ltr'>senatu</span> <span class='ocrx_word' id='word_1_64' title='bbox 992 1055 1114 1121; x_wconf 86' lang='lat' dir='ltr'>fuisset</span> <span class='ocrx_word' id='word_1_65' title='bbox 1138 1078 1178 1120; x_wconf 91' lang='lat' dir='ltr'>eo</span> <span class='ocrx_word' id='word_1_66' title='bbox 1202 1056 1265 1132; x_wconf 89' lang='lat' dir='ltr'>dic,</span> 
     </span>
     <span class='ocr_line' id='line_1_9' title="bbox 221 1159 1266 1244; baseline 0.002 -22"><span class='ocrx_word' id='word_1_67' title='bbox 221 1159 333 1244; x_wconf 89' lang='lat' dir='ltr'>quoad</span> <span class='ocrx_word' id='word_1_68' title='bbox 356 1168 492 1223; x_wconf 92' lang='lat' dir='ltr'>senatus</span> <span class='ocrx_word' id='word_1_69' title='bbox 516 1168 568 1223; x_wconf 90' lang='lat' dir='ltr'>est</span> <span class='ocrx_word' id='word_1_70' title='bbox 591 1159 758 1234; x_wconf 89' lang='lat' dir='ltr'>dimissus,</span> <span class='ocrx_word' id='word_1_71' title='bbox 789 1159 926 1223; x_wconf 92' lang='lat' dir='ltr'>domum</span> <span class='ocrx_word' id='word_1_72' title='bbox 953 1161 1056 1236; x_wconf 89' lang='lat' dir='ltr'>venit,</span> <span class='ocrx_word' id='word_1_73' title='bbox 1081 1160 1211 1225; x_wconf 89' lang='lat' dir='ltr'>calceos</span> <span class='ocrx_word' id='word_1_74' title='bbox 1233 1167 1266 1225; x_wconf 87' lang='lat' dir='ltr'>et</span> 
     </span>
     <span class='ocr_line' id='line_1_10' title="bbox 218 1262 1265 1346; baseline 0 -19"><span class='ocrx_word' id='word_1_75' title='bbox 218 1264 420 1327; x_wconf 90' lang='lat' dir='ltr'>vestimenta</span> <span class='ocrx_word' id='word_1_76' title='bbox 451 1264 605 1338; x_wconf 88' lang='lat' dir='ltr'>mutavit,</span> <span class='ocrx_word' id='word_1_77' title='bbox 639 1263 818 1346; x_wconf 84' lang='lat' dir='ltr'>paulisper,</span> <span class='ocrx_word' id='word_1_78' title='bbox 848 1262 929 1326; x_wconf 94' lang='lat' dir='ltr'>dum</span> <span class='ocrx_word' id='word_1_79' title='bbox 958 1285 993 1327; x_wconf 90' lang='lat' dir='ltr'>se</span> <span class='ocrx_word' id='word_1_80' title='bbox 1024 1285 1119 1339; x_wconf 85' lang='lat' dir='ltr'>uxor,</span> <span class='ocrx_word' id='word_1_81' title='bbox 1152 1271 1193 1327; x_wconf 93' lang='lat' dir='ltr'>ut</span> <span class='ocrx_word' id='word_1_82' title='bbox 1218 1263 1265 1338; x_wconf 89' lang='lat' dir='ltr'>fit,</span> 
     </span>
     <span class='ocr_line' id='line_1_11' title="bbox 216 1366 1265 1451; baseline 0.001 -21"><span class='ocrx_word' id='word_1_83' title='bbox 216 1376 394 1451; x_wconf 88' lang='lat' dir='ltr'>comparat,</span> <span class='ocrx_word' id='word_1_84' title='bbox 412 1373 634 1430; x_wconf 82' lang='lat' dir='ltr'>commoratus</span> <span class='ocrx_word' id='word_1_85' title='bbox 659 1374 719 1441; x_wconf 88' lang='lat' dir='ltr'>est,</span> <span class='ocrx_word' id='word_1_86' title='bbox 738 1366 815 1430; x_wconf 91' lang='lat' dir='ltr'>dein</span> <span class='ocrx_word' id='word_1_87' title='bbox 841 1366 1013 1451; x_wconf 86' lang='lat' dir='ltr'>profectus</span> <span class='ocrx_word' id='word_1_88' title='bbox 1036 1366 1072 1430; x_wconf 92' lang='lat' dir='ltr'>id</span> <span class='ocrx_word' id='word_1_89' title='bbox 1089 1369 1265 1451; x_wconf 90' lang='lat' dir='ltr'>temporis,</span> 
     </span>
    </p>

    <p class='ocr_par' dir='ltr' id='par_1_5' title="bbox 167 1470 1267 1970">
     <span class='ocr_line' id='line_1_12' title="bbox 167 1470 1266 1554; baseline 0.005 -24"><span class='ocrx_word' id='word_1_90' title='bbox 167 1487 194 1530; x_wconf 77' lang='lat'>15</span> <span class='ocrx_word' id='word_1_91' title='bbox 217 1492 294 1534; x_wconf 92' lang='lat' dir='ltr'>cum</span> <span class='ocrx_word' id='word_1_92' title='bbox 321 1471 387 1534; x_wconf 90' lang='lat' dir='ltr'>iam</span> <span class='ocrx_word' id='word_1_93' title='bbox 414 1470 563 1545; x_wconf 83' lang='lat' dir='ltr'>Clodius,</span> <span class='ocrx_word' id='word_1_94' title='bbox 592 1471 758 1554; x_wconf 89' lang='lat' dir='ltr'>siquidem</span> <span class='ocrx_word' id='word_1_95' title='bbox 787 1493 826 1534; x_wconf 90' lang='lat' dir='ltr'>eo</span> <span class='ocrx_word' id='word_1_96' title='bbox 854 1471 906 1534; x_wconf 89' lang='lat' dir='ltr'>die</span> <span class='ocrx_word' id='word_1_97' title='bbox 935 1471 1076 1535; x_wconf 87' lang='lat' dir='ltr'>Romam</span> <span class='ocrx_word' id='word_1_98' title='bbox 1104 1478 1266 1535; x_wconf 88' lang='lat' dir='ltr'>venturus</span> 
     </span>
     <span class='ocr_line' id='line_1_13' title="bbox 220 1573 1265 1659; baseline 0.002 -22"><span class='ocrx_word' id='word_1_99' title='bbox 220 1581 300 1651; x_wconf 89' lang='lat' dir='ltr'>erat,</span> <span class='ocrx_word' id='word_1_100' title='bbox 317 1574 425 1638; x_wconf 88' lang='lat' dir='ltr'>redire</span> <span class='ocrx_word' id='word_1_101' title='bbox 442 1575 617 1658; x_wconf 88' lang='lat' dir='ltr'>potuisset.</span> <span class='ocrx_word' id='word_1_102' title='bbox 667 1573 812 1638; x_wconf 89' lang='lat' dir='ltr'>Obviam</span> <span class='ocrx_word' id='word_1_103' title='bbox 825 1574 863 1638; x_wconf 89' lang='lat' dir='ltr'>fit</span> <span class='ocrx_word' id='word_1_104' title='bbox 876 1576 906 1638; x_wconf 91' lang='lat' dir='ltr'>ei</span> <span class='ocrx_word' id='word_1_105' title='bbox 921 1573 1063 1638; x_wconf 87' lang='lat' dir='ltr'>Clodius</span> <span class='ocrx_word' id='word_1_106' title='bbox 1077 1574 1265 1659; x_wconf 79' lang='lat' dir='ltr'>expeditne,</span> 
     </span>
     <span class='ocr_line' id='line_1_14' title="bbox 218 1677 1266 1763; baseline 0.002 -23"><span class='ocrx_word' id='word_1_107' title='bbox 218 1679 254 1740; x_wconf 90' lang='lat' dir='ltr'>in</span> <span class='ocrx_word' id='word_1_108' title='bbox 269 1700 368 1763; x_wconf 89' lang='lat' dir='ltr'>equo,</span> <span class='ocrx_word' id='word_1_109' title='bbox 385 1679 480 1741; x_wconf 89' lang='lat' dir='ltr'>nulla</span> <span class='ocrx_word' id='word_1_110' title='bbox 496 1678 605 1754; x_wconf 90' lang='lat' dir='ltr'>raeda,</span> <span class='ocrx_word' id='word_1_111' title='bbox 623 1678 725 1742; x_wconf 89' lang='lat' dir='ltr'>nullis</span> <span class='ocrx_word' id='word_1_112' title='bbox 743 1677 991 1762; x_wconf 85' lang='lat' dir='ltr'>inpedimentis,</span> <span class='ocrx_word' id='word_1_113' title='bbox 1006 1678 1109 1742; x_wconf 92' lang='lat' dir='ltr'>nullis</span> <span class='ocrx_word' id='word_1_114' title='bbox 1129 1678 1266 1744; x_wconf 88' lang='lat' dir='ltr'>Graccis</span> 
     </span>
     <span class='ocr_line' id='line_1_15' title="bbox 218 1783 1265 1868; baseline 0.001 -22"><span class='ocrx_word' id='word_1_115' title='bbox 218 1783 405 1858; x_wconf 90' lang='lat' dir='ltr'>comitibus,</span> <span class='ocrx_word' id='word_1_116' title='bbox 424 1791 463 1847; x_wconf 90' lang='lat' dir='ltr'>ut</span> <span class='ocrx_word' id='word_1_117' title='bbox 479 1783 616 1857; x_wconf 85' lang='lat' dir='ltr'>solebat,</span> <span class='ocrx_word' id='word_1_118' title='bbox 635 1784 706 1847; x_wconf 93' lang='lat' dir='ltr'>sine</span> <span class='ocrx_word' id='word_1_119' title='bbox 724 1804 838 1860; x_wconf 83' lang='lat' dir='ltr'>uxore,</span> <span class='ocrx_word' id='word_1_120' title='bbox 863 1783 954 1868; x_wconf 91' lang='lat' dir='ltr'>quod</span> <span class='ocrx_word' id='word_1_121' title='bbox 977 1805 1164 1868; x_wconf 88' lang='lat' dir='ltr'>numquam</span> <span class='ocrx_word' id='word_1_122' title='bbox 1187 1783 1265 1859; x_wconf 85' lang='lat' dir='ltr'>fere,</span> 
     </span>
     <span class='ocr_line' id='line_1_16' title="bbox 221 1885 1267 1970; baseline 0 -21"><span class='ocrx_word' id='word_1_123' title='bbox 221 1906 298 1949; x_wconf 92' lang='lat' dir='ltr'>cum</span> <span class='ocrx_word' id='word_1_124' title='bbox 312 1885 365 1950; x_wconf 90' lang='lat' dir='ltr'>hic</span> <span class='ocrx_word' id='word_1_125' title='bbox 382 1885 567 1963; x_wconf 86' lang='lat' dir='ltr'>insidiator,</span> <span class='ocrx_word' id='word_1_126' title='bbox 588 1887 646 1970; x_wconf 93' lang='lat' dir='ltr'>qui</span> <span class='ocrx_word' id='word_1_127' title='bbox 660 1888 724 1951; x_wconf 92' lang='lat' dir='ltr'>iter</span> <span class='ocrx_word' id='word_1_128' title='bbox 741 1885 828 1950; x_wconf 90' lang='lat' dir='ltr'>illud</span> <span class='ocrx_word' id='word_1_129' title='bbox 850 1887 893 1950; x_wconf 88' lang='lat' dir='ltr'>ad</span> <span class='ocrx_word' id='word_1_130' title='bbox 918 1886 1054 1951; x_wconf 89' lang='lat' dir='ltr'>caedem</span> <span class='ocrx_word' id='word_1_131' title='bbox 1078 1885 1267 1951; x_wconf 83' lang='lat' dir='ltr'>faciendam</span> 
     </span>
    </p>

    <p class='ocr_par' dir='ltr' id='par_1_6' title="bbox 166 1990 1267 2180">
     <span class='ocr_line' id='line_1_17' title="bbox 166 1990 1265 2075; baseline 0.005 -26"><span class='ocrx_word' id='word_1_132' title='bbox 166 2003 196 2048; x_wconf 82' lang='lat'>20</span> <span class='ocrx_word' id='word_1_133' title='bbox 217 1999 420 2074; x_wconf 88' lang='lat' dir='ltr'>apparasset,</span> <span class='ocrx_word' id='word_1_134' title='bbox 439 2013 516 2054; x_wconf 91' lang='lat' dir='ltr'>cum</span> <span class='ocrx_word' id='word_1_135' title='bbox 532 2012 635 2055; x_wconf 85' lang='lat' dir='ltr'>uxore</span> <span class='ocrx_word' id='word_1_136' title='bbox 655 1990 834 2054; x_wconf 89' lang='lat' dir='ltr'>veheretur</span> <span class='ocrx_word' id='word_1_137' title='bbox 860 1991 895 2052; x_wconf 92' lang='lat' dir='ltr'>in</span> <span class='ocrx_word' id='word_1_138' title='bbox 919 1990 1028 2066; x_wconf 88' lang='lat' dir='ltr'>raeda,</span> <span class='ocrx_word' id='word_1_139' title='bbox 1053 1990 1265 2075; x_wconf 90' lang='lat' dir='ltr'>paenulatus,</span> 
     </span>
     <span class='ocr_line' id='line_1_18' title="bbox 219 2093 1267 2180; baseline 0 -24"><span class='ocrx_word' id='word_1_140' title='bbox 219 2115 340 2180; x_wconf 84' lang='lat' dir='ltr'>magno</span> <span class='ocrx_word' id='word_1_141' title='bbox 362 2102 397 2159; x_wconf 93' lang='lat' dir='ltr'>et</span> <span class='ocrx_word' id='word_1_142' title='bbox 420 2095 581 2178; x_wconf 91' lang='lat' dir='ltr'>impedito</span> <span class='ocrx_word' id='word_1_143' title='bbox 604 2102 639 2159; x_wconf 90' lang='lat' dir='ltr'>et</span> <span class='ocrx_word' id='word_1_144' title='bbox 664 2093 818 2158; x_wconf 91' lang='lat' dir='ltr'>muliebri</span> <span class='ocrx_word' id='word_1_145' title='bbox 841 2116 878 2157; x_wconf 91' lang='lat' dir='ltr'>ac</span> <span class='ocrx_word' id='word_1_146' title='bbox 903 2094 1047 2159; x_wconf 88' lang='lat' dir='ltr'>delicato</span> <span class='ocrx_word' id='word_1_147' title='bbox 1070 2095 1267 2159; x_wconf 89' lang='lat' dir='ltr'>ancillarum</span> 
     </span>
    </p>

    <p class='ocr_par' dir='ltr' id='par_1_7' title="bbox 167 2197 1268 2492">
     <span class='ocr_line' id='line_1_19' title="bbox 167 2197 1268 2283; baseline -0.003 -20"><span class='ocrx_word' id='word_1_148' title='bbox 167 2201 206 2263; x_wconf 84' lang='lat'>29</span> <span class='ocrx_word' id='word_1_149' title='bbox 217 2219 463 2283; x_wconf 89' lang='lat' dir='ltr'>puerorumque</span> <span class='ocrx_word' id='word_1_150' title='bbox 488 2200 661 2263; x_wconf 91' lang='lat' dir='ltr'>comitatu.</span> <span class='ocrx_word' id='word_1_151' title='bbox 709 2198 767 2262; x_wconf 82' lang='lat' dir='ltr'>Fit</span> <span class='ocrx_word' id='word_1_152' title='bbox 787 2197 920 2262; x_wconf 88' lang='lat' dir='ltr'>obviam</span> <span class='ocrx_word' id='word_1_153' title='bbox 945 2198 1065 2262; x_wconf 86' lang='lat' dir='ltr'>Clodio</span> <span class='ocrx_word' id='word_1_154' title='bbox 1092 2198 1268 2262; x_wconf 78' lang='grc'>0111011111-</span> 
     </span>
     <span class='ocr_line' id='line_1_20' title="bbox 220 2301 1266 2368; baseline 0 -4"><span class='ocrx_word' id='word_1_155' title='bbox 220 2301 300 2364; x_wconf 94' lang='lat' dir='ltr'>dum</span> <span class='ocrx_word' id='word_1_156' title='bbox 326 2304 397 2367; x_wconf 91' lang='lat' dir='ltr'>eius</span> <span class='ocrx_word' id='word_1_157' title='bbox 424 2304 504 2367; x_wconf 89' lang='lat' dir='ltr'>hora</span> <span class='ocrx_word' id='word_1_158' title='bbox 532 2303 600 2368; x_wconf 84' lang='lat' dir='ltr'>fere</span> <span class='ocrx_word' id='word_1_159' title='bbox 633 2303 809 2367; x_wconf 91' lang='lat' dir='ltr'>undecima</span> <span class='ocrx_word' id='word_1_160' title='bbox 837 2311 897 2366; x_wconf 91' lang='lat' dir='ltr'>aut</span> <span class='ocrx_word' id='word_1_161' title='bbox 927 2325 994 2366; x_wconf 91' lang='lat' dir='ltr'>non</span> <span class='ocrx_word' id='word_1_162' title='bbox 1026 2302 1135 2366; x_wconf 92' lang='lat' dir='ltr'>multo</span> <span class='ocrx_word' id='word_1_163' title='bbox 1160 2323 1266 2367; x_wconf 88' lang='lat' dir='ltr'>secus.</span> 
     </span>
     <span class='ocr_line' id='line_1_21' title="bbox 220 2404 1267 2492; baseline 0.001 -22"><span class='ocrx_word' id='word_1_164' title='bbox 220 2404 340 2470; x_wconf 84' lang='lat' dir='ltr'>Statim</span> <span class='ocrx_word' id='word_1_165' title='bbox 369 2409 546 2492; x_wconf 86' lang='lat' dir='ltr'>conplures</span> <span class='ocrx_word' id='word_1_166' title='bbox 576 2430 653 2471; x_wconf 91' lang='lat' dir='ltr'>cum</span> <span class='ocrx_word' id='word_1_167' title='bbox 682 2407 757 2470; x_wconf 90' lang='lat' dir='ltr'>telis</span> <span class='ocrx_word' id='word_1_168' title='bbox 787 2407 822 2469; x_wconf 94' lang='lat' dir='ltr'>in</span> <span class='ocrx_word' id='word_1_169' title='bbox 850 2406 940 2470; x_wconf 94' lang='lat' dir='ltr'>hunc</span> <span class='ocrx_word' id='word_1_170' title='bbox 970 2406 1102 2471; x_wconf 84' lang='lat' dir='ltr'>faciunt</span> <span class='ocrx_word' id='word_1_171' title='bbox 1125 2406 1166 2471; x_wconf 88' lang='lat' dir='ltr'>de</span> <span class='ocrx_word' id='word_1_172' title='bbox 1195 2407 1267 2471; x_wconf 92' lang='lat' dir='ltr'>loco</span> 
     </span>
    </p>

    <p class='ocr_par' dir='ltr' id='par_1_8' title="bbox 167 2511 1267 2700">
     <span class='ocr_line' id='line_1_22' title="bbox 167 2511 1267 2595; baseline 0.004 -25"><span class='ocrx_word' id='word_1_173' title='bbox 167 2526 195 2570; x_wconf 71' lang='lat' dir='ltr'>aa</span> <span class='ocrx_word' id='word_1_174' title='bbox 217 2513 388 2594; x_wconf 89' lang='lat' dir='ltr'>superiore</span> <span class='ocrx_word' id='word_1_175' title='bbox 406 2513 568 2595; x_wconf 88' lang='lat' dir='ltr'>impetum</span> <span class='ocrx_word' id='word_1_176' title='bbox 586 2512 727 2588; x_wconf 87' lang='lat' dir='ltr'>adversi,</span> <span class='ocrx_word' id='word_1_177' title='bbox 748 2511 936 2576; x_wconf 87' lang='lat' dir='ltr'>raedarium</span> <span class='ocrx_word' id='word_1_178' title='bbox 964 2511 1133 2575; x_wconf 84' lang='lat' dir='ltr'>occidunt.</span> <span class='ocrx_word' id='word_1_179' title='bbox 1181 2511 1267 2576; x_wconf 90' lang='lat' dir='ltr'>Cum</span> 
     </span>
     <span class='ocr_line' id='line_1_23' title="bbox 219 2615 1266 2700; baseline 0.002 -23"><span class='ocrx_word' id='word_1_180' title='bbox 219 2621 332 2678; x_wconf 89' lang='lat' dir='ltr'>autem</span> <span class='ocrx_word' id='word_1_181' title='bbox 359 2615 412 2679; x_wconf 90' lang='lat' dir='ltr'>hic</span> <span class='ocrx_word' id='word_1_182' title='bbox 443 2615 483 2680; x_wconf 88' lang='lat' dir='ltr'>de</span> <span class='ocrx_word' id='word_1_183' title='bbox 512 2616 611 2680; x_wconf 90' lang='lat' dir='ltr'>raeda</span> <span class='ocrx_word' id='word_1_184' title='bbox 634 2617 757 2680; x_wconf 91' lang='lat' dir='ltr'>reiecta</span> <span class='ocrx_word' id='word_1_185' title='bbox 781 2616 925 2699; x_wconf 89' lang='lat' dir='ltr'>paenula</span> <span class='ocrx_word' id='word_1_186' title='bbox 949 2615 1141 2679; x_wconf 88' lang='lat' dir='ltr'>desiluisset</span> <span class='ocrx_word' id='word_1_187' title='bbox 1163 2635 1266 2700; x_wconf 88' lang='lat' dir='ltr'>seque</span> 
     </span>
    </p>
   </div>
   <div class='ocr_carea' id='block_1_3' title="bbox 219 2795 1268 3850">
    <p class='ocr_par' dir='ltr' id='par_1_9' title="bbox 219 2795 1268 3850">
     <span class='ocr_line' id='line_1_24' title="bbox 220 2795 1268 2856; baseline -0.001 -11"><span class='ocrx_word' id='word_1_188' title='bbox 220 2795 287 2845; x_wconf 89' lang='lat' dir='ltr'>Sest.</span> <span class='ocrx_word' id='word_1_189' title='bbox 312 2795 357 2844; x_wconf 82' lang='lat'>19.</span> <span class='ocrx_word' id='word_1_190' title='bbox 383 2797 419 2846; x_wconf 83' lang='lat'>19.</span> <span class='ocrx_word' id='word_1_191' title='bbox 455 2796 506 2852; x_wconf 85' lang='lat' dir='ltr'>ita,</span> <span class='ocrx_word' id='word_1_192' title='bbox 533 2796 635 2845; x_wconf 88' lang='lat' dir='ltr'>‘under</span> <span class='ocrx_word' id='word_1_193' title='bbox 665 2795 731 2845; x_wconf 91' lang='lat' dir='ltr'>such</span> <span class='ocrx_word' id='word_1_194' title='bbox 754 2795 956 2856; x_wconf 81' lang='lat' dir='ltr'>paenulatos:</span> <span class='ocrx_word' id='word_1_195' title='bbox 975 2795 1021 2844; x_wconf 92' lang='lat' dir='ltr'>the</span> <span class='ocrx_word' id='word_1_196' title='bbox 1033 2795 1158 2855; x_wconf 79' lang='lat' dir='ltr'>paenula</span> <span class='ocrx_word' id='word_1_197' title='bbox 1178 2807 1268 2844; x_wconf 82' lang='lat' dir='ltr'>wasa</span> 
     </span>
     <span class='ocr_line' id='line_1_25' title="bbox 220 2870 1267 2932; baseline 0 -13"><span class='ocrx_word' id='word_1_198' title='bbox 220 2872 445 2921; x_wconf 82' lang='lat' dir='ltr'>circumstances’</span> <span class='ocrx_word' id='word_1_199' title='bbox 488 2872 584 2921; x_wconf 87' lang='lat' dir='ltr'>Notiee</span> <span class='ocrx_word' id='word_1_200' title='bbox 604 2873 665 2920; x_wconf 86' lang='lat' dir='ltr'>how</span> <span class='ocrx_word' id='word_1_201' title='bbox 685 2873 732 2920; x_wconf 87' lang='lat' dir='ltr'>the</span> <span class='ocrx_word' id='word_1_202' title='bbox 755 2879 810 2921; x_wconf 89' lang='lat' dir='ltr'>sort</span> <span class='ocrx_word' id='word_1_203' title='bbox 822 2873 851 2921; x_wconf 86' lang='lat' dir='ltr'>of</span> <span class='ocrx_word' id='word_1_204' title='bbox 863 2872 974 2921; x_wconf 84' lang='lat' dir='ltr'>blanket</span> <span class='ocrx_word' id='word_1_205' title='bbox 986 2871 1072 2932; x_wconf 87' lang='lat' dir='ltr'>cloak,</span> <span class='ocrx_word' id='word_1_206' title='bbox 1087 2872 1154 2921; x_wconf 89' lang='lat' dir='ltr'>with</span> <span class='ocrx_word' id='word_1_207' title='bbox 1173 2885 1190 2921; x_wconf 88' lang='lat' dir='ltr'>a</span> <span class='ocrx_word' id='word_1_208' title='bbox 1208 2870 1267 2921; x_wconf 86' lang='lat' dir='ltr'>hole</span> 
     </span>
     <span class='ocr_line' id='line_1_26' title="bbox 220 2947 1266 3011; baseline 0.002 -15"><span class='ocrx_word' id='word_1_209' title='bbox 220 2947 297 2996; x_wconf 87' lang='lat' dir='ltr'>haste</span> <span class='ocrx_word' id='word_1_210' title='bbox 309 2948 338 2996; x_wconf 83' lang='grc'>01</span> <span class='ocrx_word' id='word_1_211' title='bbox 350 2947 460 2997; x_wconf 86' lang='lat' dir='ltr'>Clodius</span> <span class='ocrx_word' id='word_1_212' title='bbox 473 2948 495 2996; x_wconf 93' lang='lat' dir='ltr'>is</span> <span class='ocrx_word' id='word_1_213' title='bbox 503 2948 655 2997; x_wconf 87' lang='lat' dir='ltr'>contrasted</span> <span class='ocrx_word' id='word_1_214' title='bbox 665 2949 732 2996; x_wconf 87' lang='lat' dir='ltr'>with</span> <span class='ocrx_word' id='word_1_215' title='bbox 754 2949 872 3011; x_wconf 89' lang='lat' dir='ltr'>through</span> <span class='ocrx_word' id='word_1_216' title='bbox 885 2950 973 2997; x_wconf 78' lang='lat' dir='ltr'>ulrich</span> <span class='ocrx_word' id='word_1_217' title='bbox 986 2953 1015 2998; x_wconf 91' lang='grc' dir='ltr'>1ο</span> <span class='ocrx_word' id='word_1_218' title='bbox 1026 2948 1117 3009; x_wconf 87' lang='lat' dir='ltr'>thrust</span> <span class='ocrx_word' id='word_1_219' title='bbox 1129 2949 1177 2997; x_wconf 89' lang='lat' dir='ltr'>the</span> <span class='ocrx_word' id='word_1_220' title='bbox 1189 2947 1266 3008; x_wconf 85' lang='lat' dir='ltr'>head,</span> 
     </span>
     <span class='ocr_line' id='line_1_27' title="bbox 221 3020 1267 3086; baseline 0.005 -18"><span class='ocrx_word' id='word_1_221' title='bbox 221 3021 267 3070; x_wconf 92' lang='lat' dir='ltr'>the</span> <span class='ocrx_word' id='word_1_222' title='bbox 280 3020 403 3082; x_wconf 88' lang='lat' dir='ltr'>leisurely</span> <span class='ocrx_word' id='word_1_223' title='bbox 416 3022 602 3082; x_wconf 78' lang='lat' dir='ltr'>preparatione</span> <span class='ocrx_word' id='word_1_224' title='bbox 615 3021 644 3070; x_wconf 84' lang='lat' dir='ltr'>ol</span> <span class='ocrx_word' id='word_1_225' title='bbox 665 3021 732 3071; x_wconf 92' lang='lat' dir='ltr'>Milo</span> <span class='ocrx_word' id='word_1_226' title='bbox 754 3025 891 3086; x_wconf 78' lang='lat' dir='ltr'>confining</span> <span class='ocrx_word' id='word_1_227' title='bbox 908 3026 955 3074; x_wconf 90' lang='lat' dir='ltr'>the</span> <span class='ocrx_word' id='word_1_228' title='bbox 971 3039 1050 3074; x_wconf 89' lang='lat' dir='ltr'>arms.</span> <span class='ocrx_word' id='word_1_229' title='bbox 1087 3024 1267 3073; x_wconf 81' lang='lat' dir='ltr'>ancillarum</span> 
     </span>
     <span class='ocr_line' id='line_1_28' title="bbox 221 3097 1267 3162; baseline 0.005 -18"><span class='ocrx_word' id='word_1_230' title='bbox 221 3097 273 3155; x_wconf 72' lang='grc'>1111</span> <span class='ocrx_word' id='word_1_231' title='bbox 286 3097 325 3146; x_wconf 83' lang='grc'>28.</span> <span class='ocrx_word' id='word_1_232' title='bbox 754 3113 989 3162; x_wconf 86' lang='lat' dir='ltr'>puerorumque,</span> <span class='ocrx_word' id='word_1_233' title='bbox 998 3101 1134 3149; x_wconf 84' lang='lat' dir='ltr'>aohoirof</span> <span class='ocrx_word' id='word_1_234' title='bbox 1141 3101 1208 3162; x_wconf 88' lang='lat' dir='ltr'>boys</span> <span class='ocrx_word' id='word_1_235' title='bbox 1215 3100 1267 3150; x_wconf 85' lang='lat' dir='ltr'>and</span> 
     </span>
     <span class='ocr_line' id='line_1_29' title="bbox 253 3173 1268 3238; baseline 0.001 -15"><span class='ocrx_word' id='word_1_236' title='bbox 253 3173 318 3234; x_wconf 77' lang='lat' dir='ltr'>§aa</span> <span class='ocrx_word' id='word_1_237' title='bbox 346 3173 447 3221; x_wconf 81' lang='lat'>14-22.</span> <span class='ocrx_word' id='word_1_238' title='bbox 470 3173 504 3223; x_wconf 82' lang='lat' dir='ltr'>id</span> <span class='ocrx_word' id='word_1_239' title='bbox 524 3175 682 3238; x_wconf 79' lang='lat' dir='ltr'>temporie,</span> <span class='ocrx_word' id='word_1_240' title='bbox 702 3189 731 3224; x_wconf 89' lang='lat' dir='ltr'>as</span> <span class='ocrx_word' id='word_1_241' title='bbox 754 3176 818 3238; x_wconf 86' lang='lat' dir='ltr'>girls</span> <span class='ocrx_word' id='word_1_242' title='bbox 830 3183 857 3225; x_wconf 92' lang='grc'>10</span> <span class='ocrx_word' id='word_1_243' title='bbox 869 3178 949 3226; x_wconf 90' lang='lat' dir='ltr'>assist</span> <span class='ocrx_word' id='word_1_244' title='bbox 961 3177 989 3224; x_wconf 92' lang='lat' dir='ltr'>in</span> <span class='ocrx_word' id='word_1_245' title='bbox 1006 3176 1054 3224; x_wconf 90' lang='lat' dir='ltr'>the</span> <span class='ocrx_word' id='word_1_246' title='bbox 1072 3176 1228 3225; x_wconf 87' lang='lat' dir='ltr'>ordination</span> <span class='ocrx_word' id='word_1_247' title='bbox 1239 3175 1268 3226; x_wconf 86' lang='grc'>01</span> 
     </span>
     <span class='ocr_line' id='line_1_30' title="bbox 221 3240 988 3314; baseline 0.005 -16"><span class='ocrx_word' id='word_1_248' title='bbox 221 3250 249 3298; x_wconf 92' lang='lat' dir='ltr'>in</span> <span class='ocrx_word' id='word_1_249' title='bbox 262 3240 285 3299; x_wconf 71' lang='grc' dir='ltr'>Ιζ</span> <span class='ocrx_word' id='word_1_250' title='bbox 298 3250 344 3299; x_wconf 91' lang='lat'>10.</span> <span class='ocrx_word' id='word_1_251' title='bbox 352 3251 392 3300; x_wconf 85' lang='lat'>30.</span> <span class='ocrx_word' id='word_1_252' title='bbox 418 3250 546 3299; x_wconf 81' lang='lat' dir='ltr'>Graecis</span> <span class='ocrx_word' id='word_1_253' title='bbox 555 3252 730 3308; x_wconf 80' lang='lat' dir='ltr'>comitibus,</span> <span class='ocrx_word' id='word_1_254' title='bbox 754 3253 800 3300; x_wconf 91' lang='lat' dir='ltr'>the</span> <span class='ocrx_word' id='word_1_255' title='bbox 805 3253 918 3314; x_wconf 81' lang='lat' dir='ltr'>flamen,</span> <span class='ocrx_word' id='word_1_256' title='bbox 934 3252 951 3302; x_wconf 93' lang='grc'>1.</span> <span class='ocrx_word' id='word_1_257' title='bbox 964 3253 988 3302; x_wconf 91' lang='grc'>4.</span> 
     </span>
     <span class='ocr_line' id='line_1_31' title="bbox 219 3326 1267 3397; baseline 0.001 -22"><span class='ocrx_word' id='word_1_258' title='bbox 219 3326 316 3388; x_wconf 87' lang='lat' dir='ltr'>jesters</span> <span class='ocrx_word' id='word_1_259' title='bbox 349 3326 403 3375; x_wconf 87' lang='lat' dir='ltr'>and</span> <span class='ocrx_word' id='word_1_260' title='bbox 437 3326 550 3376; x_wconf 86' lang='lat' dir='ltr'>dancers</span> <span class='ocrx_word' id='word_1_261' title='bbox 583 3329 648 3389; x_wconf 85' lang='lat' dir='ltr'>kept</span> <span class='ocrx_word' id='word_1_262' title='bbox 689 3329 732 3378; x_wconf 85' lang='lat' dir='ltr'>for</span> <span class='ocrx_word' id='word_1_263' title='bbox 786 3329 851 3397; x_wconf 68' lang='lat'>§²9-</span> <span class='ocrx_word' id='word_1_264' title='bbox 875 3328 920 3376; x_wconf 81' lang='lat'>23.</span> <span class='ocrx_word' id='word_1_265' title='bbox 947 3327 1025 3378; x_wconf 86' lang='lat' dir='ltr'>hora</span> <span class='ocrx_word' id='word_1_266' title='bbox 1044 3327 1267 3378; x_wconf 78' lang='lat' dir='ltr'>undecima:</span> 
     </span>
     <span class='ocr_line' id='line_1_32' title="bbox 221 3403 1267 3466; baseline 0.004 -15"><span class='ocrx_word' id='word_1_267' title='bbox 221 3409 403 3452; x_wconf 87' lang='lat' dir='ltr'>amusement:</span> <span class='ocrx_word' id='word_1_268' title='bbox 422 3403 456 3452; x_wconf 81' lang='lat' dir='ltr'>cf.</span> <span class='ocrx_word' id='word_1_269' title='bbox 478 3405 525 3452; x_wconf 90' lang='lat' dir='ltr'>the</span> <span class='ocrx_word' id='word_1_270' title='bbox 548 3403 679 3454; x_wconf 85' lang='lat' dir='ltr'>“Fools”</span> <span class='ocrx_word' id='word_1_271' title='bbox 702 3405 731 3454; x_wconf 85' lang='lat' dir='ltr'>ol</span> <span class='ocrx_word' id='word_1_272' title='bbox 753 3405 835 3454; x_wconf 83' lang='lat' dir='ltr'>about</span> <span class='ocrx_word' id='word_1_273' title='bbox 846 3406 861 3452; x_wconf 85' lang='lat'>5</span> <span class='ocrx_word' id='word_1_274' title='bbox 874 3419 938 3466; x_wconf 86' lang='lat' dir='ltr'>pm.</span> <span class='ocrx_word' id='word_1_275' title='bbox 974 3405 1055 3454; x_wconf 88' lang='lat' dir='ltr'>From</span> <span class='ocrx_word' id='word_1_276' title='bbox 1067 3405 1146 3454; x_wconf 88' lang='lat' dir='ltr'>other</span> <span class='ocrx_word' id='word_1_277' title='bbox 1162 3419 1267 3455; x_wconf 86' lang='lat' dir='ltr'>sources</span> 
     </span>
     <span class='ocr_line' id='line_1_33' title="bbox 220 3479 1267 3544; baseline 0.003 -16"><span class='ocrx_word' id='word_1_278' title='bbox 220 3480 268 3529; x_wconf 91' lang='lat' dir='ltr'>the</span> <span class='ocrx_word' id='word_1_279' title='bbox 286 3479 387 3528; x_wconf 88' lang='lat' dir='ltr'>Middle</span> <span class='ocrx_word' id='word_1_280' title='bbox 413 3479 493 3542; x_wconf 87' lang='lat' dir='ltr'>Ages.</span> <span class='ocrx_word' id='word_1_281' title='bbox 536 3480 621 3541; x_wconf 86' lang='lat' dir='ltr'>quod</span> <span class='ocrx_word' id='word_1_282' title='bbox 645 3492 730 3528; x_wconf 90' lang='lat' dir='ltr'>num·</span> <span class='ocrx_word' id='word_1_283' title='bbox 753 3495 792 3529; x_wconf 90' lang='lat' dir='ltr'>we</span> <span class='ocrx_word' id='word_1_284' title='bbox 805 3482 886 3530; x_wconf 88' lang='lat' dir='ltr'>know</span> <span class='ocrx_word' id='word_1_285' title='bbox 898 3481 957 3539; x_wconf 87' lang='lat' dir='ltr'>that</span> <span class='ocrx_word' id='word_1_286' title='bbox 969 3482 1015 3530; x_wconf 91' lang='lat' dir='ltr'>the</span> <span class='ocrx_word' id='word_1_287' title='bbox 1032 3482 1102 3530; x_wconf 89' lang='lat' dir='ltr'>hour</span> <span class='ocrx_word' id='word_1_288' title='bbox 1114 3495 1169 3531; x_wconf 83' lang='lat' dir='ltr'>was</span> <span class='ocrx_word' id='word_1_289' title='bbox 1186 3481 1267 3544; x_wconf 85' lang='lat' dir='ltr'>really</span> 
     </span>
     <span class='ocr_line' id='line_1_34' title="bbox 221 3555 1267 3620; baseline 0.004 -17"><span class='ocrx_word' id='word_1_290' title='bbox 221 3555 731 3617; x_wconf 55' lang='grc' dir='ltr'>0111111101οε011001010111011111-</span> <span class='ocrx_word' id='word_1_291' title='bbox 753 3558 855 3618; x_wconf 77' lang='lat' dir='ltr'>apm,</span> <span class='ocrx_word' id='word_1_292' title='bbox 874 3557 923 3605; x_wconf 87' lang='lat' dir='ltr'>but</span> <span class='ocrx_word' id='word_1_293' title='bbox 942 3556 1034 3606; x_wconf 87' lang='lat' dir='ltr'>Cicero</span> <span class='ocrx_word' id='word_1_294' title='bbox 1053 3558 1103 3607; x_wconf 88' lang='lat' dir='ltr'>has</span> <span class='ocrx_word' id='word_1_295' title='bbox 1122 3571 1159 3606; x_wconf 90' lang='lat' dir='ltr'>an</span> <span class='ocrx_word' id='word_1_296' title='bbox 1178 3558 1267 3620; x_wconf 85' lang='lat' dir='ltr'>object</span> 
     </span>
     <span class='ocr_line' id='line_1_35' title="bbox 221 3631 1267 3696; baseline 0.001 -15"><span class='ocrx_word' id='word_1_297' title='bbox 221 3632 374 3694; x_wconf 83' lang='lat' dir='ltr'>commonly</span> <span class='ocrx_word' id='word_1_298' title='bbox 388 3633 509 3681; x_wconf 81' lang='lat' dir='ltr'>omitted.</span> <span class='ocrx_word' id='word_1_299' title='bbox 536 3631 587 3680; x_wconf 90' lang='lat' dir='ltr'>hic</span> <span class='ocrx_word' id='word_1_300' title='bbox 606 3632 731 3681; x_wconf 80' lang='lat' dir='ltr'>insidia·</span> <span class='ocrx_word' id='word_1_301' title='bbox 753 3633 780 3681; x_wconf 92' lang='lat' dir='ltr'>in</span> <span class='ocrx_word' id='word_1_302' title='bbox 791 3633 903 3694; x_wconf 86' lang='lat' dir='ltr'>making</span> <span class='ocrx_word' id='word_1_303' title='bbox 914 3633 960 3681; x_wconf 90' lang='lat' dir='ltr'>the</span> <span class='ocrx_word' id='word_1_304' title='bbox 971 3633 1038 3682; x_wconf 89' lang='lat' dir='ltr'>time</span> <span class='ocrx_word' id='word_1_305' title='bbox 1050 3646 1080 3682; x_wconf 84' lang='lat' dir='ltr'>as</span> <span class='ocrx_word' id='word_1_306' title='bbox 1092 3632 1147 3682; x_wconf 86' lang='lat' dir='ltr'>late</span> <span class='ocrx_word' id='word_1_307' title='bbox 1160 3646 1191 3682; x_wconf 82' lang='lat' dir='ltr'>as</span> <span class='ocrx_word' id='word_1_308' title='bbox 1208 3647 1267 3696; x_wconf 88' lang='lat' dir='ltr'>pos·</span> 
     </span>
     <span class='ocr_line' id='line_1_36' title="bbox 220 3707 1266 3771; baseline 0.005 -15"><span class='ocrx_word' id='word_1_309' title='bbox 220 3712 277 3766; x_wconf 85' lang='lat' dir='ltr'>tor,</span> <span class='ocrx_word' id='word_1_310' title='bbox 290 3708 365 3769; x_wconf 89' lang='lat' dir='ltr'>Milo,</span> <span class='ocrx_word' id='word_1_311' title='bbox 383 3708 482 3770; x_wconf 86' lang='lat' dir='ltr'>quoted</span> <span class='ocrx_word' id='word_1_312' title='bbox 501 3707 639 3769; x_wconf 88' lang='lat' dir='ltr'>ironically</span> <span class='ocrx_word' id='word_1_313' title='bbox 660 3709 729 3758; x_wconf 83' lang='lat' dir='ltr'>from</span> <span class='ocrx_word' id='word_1_314' title='bbox 753 3708 828 3769; x_wconf 91' lang='lat' dir='ltr'>sible,</span> <span class='ocrx_word' id='word_1_315' title='bbox 842 3723 871 3758; x_wconf 87' lang='lat' dir='ltr'>as</span> <span class='ocrx_word' id='word_1_316' title='bbox 882 3709 936 3758; x_wconf 86' lang='lat' dir='ltr'>will</span> <span class='ocrx_word' id='word_1_317' title='bbox 953 3722 1053 3771; x_wconf 87' lang='lat' dir='ltr'>appear</span> <span class='ocrx_word' id='word_1_318' title='bbox 1064 3709 1093 3758; x_wconf 92' lang='lat' dir='ltr'>in</span> <span class='ocrx_word' id='word_1_319' title='bbox 1109 3710 1158 3760; x_wconf 84' lang='lat' dir='ltr'>the</span> <span class='ocrx_word' id='word_1_320' title='bbox 1174 3722 1266 3761; x_wconf 75' lang='lat' dir='ltr'>course</span> 
     </span>
     <span class='ocr_line' id='line_1_37' title="bbox 220 3784 953 3850; baseline -0.001 -15"><span class='ocrx_word' id='word_1_321' title='bbox 220 3785 268 3836; x_wconf 85' lang='lat' dir='ltr'>the</span> <span class='ocrx_word' id='word_1_322' title='bbox 297 3785 394 3850; x_wconf 85' lang='lat' dir='ltr'>speech</span> <span class='ocrx_word' id='word_1_323' title='bbox 424 3784 454 3835; x_wconf 84' lang='grc'>01</span> <span class='ocrx_word' id='word_1_324' title='bbox 487 3785 534 3834; x_wconf 90' lang='lat' dir='ltr'>the</span> <span class='ocrx_word' id='word_1_325' title='bbox 565 3789 728 3849; x_wconf 86' lang='lat' dir='ltr'>prosecutor.</span> <span class='ocrx_word' id='word_1_326' title='bbox 752 3784 781 3834; x_wconf 85' lang='lat' dir='ltr'>oi</span> <span class='ocrx_word' id='word_1_327' title='bbox 793 3785 836 3833; x_wconf 91' lang='lat' dir='ltr'>his</span> <span class='ocrx_word' id='word_1_328' title='bbox 847 3785 953 3847; x_wconf 85' lang='lat' dir='ltr'>speech.</span> 
     </span>
    </p>
   </div>
   <div class='ocr_carea' id='block_1_4' title="bbox 0 0 1347 4260">
    <p class='ocr_par' dir='ltr' id='par_1_10' title="bbox 0 0 1347 4260">
     <span class='ocr_line' id='line_1_38' title="bbox 0 0 1347 4260; baseline 0 0"><span class='ocrx_word' id='word_1_329' title='bbox 0 0 1347 4260; x_wconf 95' lang='lat' dir='ltr'> </span> 
     </span>
    </p>
   </div>
  </div>
 </body>
</html>
