<?xml version="1.0" encoding="UTF-8"?>
<!DOCTYPE html PUBLIC "-//W3C//DTD XHTML 1.0 Transitional//EN"
    "http://www.w3.org/TR/xhtml1/DTD/xhtml1-transitional.dtd">
<html xmlns="http://www.w3.org/1999/xhtml" xml:lang="en" lang="en">
 <head>
  <title>
</title>
<meta http-equiv="Content-Type" content="text/html;charset=utf-8" />
  <meta name='ocr-system' content='tesseract 3.04.00' />
  <meta name='ocr-capabilities' content='ocr_page ocr_carea ocr_par ocr_line ocrx_word'/>
</head>
<body>
  <div class='ocr_page' id='page_1' title='image "./selectedoration00cicegoog_0431.png"; bbox 0 0 2678 4260; ppageno 0'>
   <div class='ocr_carea' id='block_1_1' title="bbox 157 243 945 310">
    <p class='ocr_par' dir='ltr' id='par_1_1' title="bbox 157 243 945 310">
     <span class='ocr_line' id='line_1_1' title="bbox 157 243 945 310; baseline -0.008 0"><span class='ocrx_word' id='word_1_1' title='bbox 157 243 220 310; x_wconf 80' lang='grc'>448</span> <span class='ocrx_word' id='word_1_2' title='bbox 498 256 570 307; x_wconf 84' lang='lat' dir='ltr'>rno</span> <span class='ocrx_word' id='word_1_3' title='bbox 592 257 622 307; x_wconf 83' lang='lat' dir='ltr'>r.</span> <span class='ocrx_word' id='word_1_4' title='bbox 647 255 773 306; x_wconf 84' lang='lat' dir='ltr'>srsrro</span> <span class='ocrx_word' id='word_1_5' title='bbox 796 254 945 306; x_wconf 71' lang='lat' dir='ltr'>enarro.</span> 
     </span>
    </p>
   </div>
   <div class='ocr_carea' id='block_1_2' title="bbox 153 426 1320 2388">
    <p class='ocr_par' dir='ltr' id='par_1_2' title="bbox 153 426 1320 2388">
     <span class='ocr_line' id='line_1_2' title="bbox 199 426 1256 511; baseline -0.002 -17"><span class='ocrx_word' id='word_1_6' title='bbox 199 428 389 494; x_wconf 82' lang='lat' dir='ltr'>mandatus.</span> <span class='ocrx_word' id='word_1_7' title='bbox 437 427 563 493; x_wconf 82' lang='lat' dir='ltr'><strong>Omnes</strong></span> <span class='ocrx_word' id='word_1_8' title='bbox 587 426 667 491; x_wconf 93' lang='lat' dir='ltr'>boni</span> <span class='ocrx_word' id='word_1_9' title='bbox 690 449 821 511; x_wconf 84' lang='lat' dir='ltr'><strong>semper</strong></span> <span class='ocrx_word' id='word_1_10' title='bbox 844 426 1014 509; x_wconf 87' lang='lat' dir='ltr'>nobilitati</span> <span class='ocrx_word' id='word_1_11' title='bbox 1038 426 1199 503; x_wconf 81' lang='lat' dir='ltr'>favemus,</span> <span class='ocrx_word' id='word_1_12' title='bbox 1223 445 1256 492; x_wconf 87' lang='lat' dir='ltr'>et</span> 
     </span>
     <span class='ocr_line' id='line_1_3' title="bbox 199 529 1320 620; baseline -0.002 -23"><span class='ocrx_word' id='word_1_13' title='bbox 199 532 379 620; x_wconf 91' lang='lat' dir='ltr'>quiautile</span> <span class='ocrx_word' id='word_1_14' title='bbox 396 533 513 597; x_wconf 84' lang='lat' dir='ltr'>estrei</span> <span class='ocrx_word' id='word_1_15' title='bbox 529 531 684 617; x_wconf 90' lang='lat' dir='ltr'>publicae</span> <span class='ocrx_word' id='word_1_16' title='bbox 702 531 832 596; x_wconf 88' lang='lat' dir='ltr'>nobiles</span> <span class='ocrx_word' id='word_1_17' title='bbox 858 531 1010 596; x_wconf 90' lang='lat' dir='ltr'>homines</span> <span class='ocrx_word' id='word_1_18' title='bbox 1037 552 1109 595; x_wconf 90' lang='lat' dir='ltr'>esse</span> <span class='ocrx_word' id='word_1_19' title='bbox 1133 529 1255 616; x_wconf 86' lang='lat' dir='ltr'>dignos</span> <span class='ocrx_word' id='word_1_20' title='bbox 1317 530 1320 536; x_wconf 79' lang='grc'><strong>’</strong></span> 
     </span>
     <span class='ocr_line' id='line_1_4' title="bbox 192 635 1257 720; baseline -0.006 -16"><span class='ocrx_word' id='word_1_21' title='bbox 192 636 390 704; x_wconf 86' lang='lat' dir='ltr'>maioribus</span> <span class='ocrx_word' id='word_1_22' title='bbox 415 637 496 712; x_wconf 89' lang='lat' dir='ltr'>suis,</span> <span class='ocrx_word' id='word_1_23' title='bbox 525 644 560 700; x_wconf 92' lang='lat' dir='ltr'>et</span> <span class='ocrx_word' id='word_1_24' title='bbox 584 637 666 720; x_wconf 91' lang='lat' dir='ltr'>quia</span> <span class='ocrx_word' id='word_1_25' title='bbox 688 637 782 701; x_wconf 88' lang='lat' dir='ltr'>valet</span> <span class='ocrx_word' id='word_1_26' title='bbox 806 635 897 720; x_wconf 88' lang='lat' dir='ltr'>apud</span> <span class='ocrx_word' id='word_1_27' title='bbox 922 657 982 699; x_wconf 89' lang='lat' dir='ltr'>nos</span> <span class='ocrx_word' id='word_1_28' title='bbox 1010 635 1177 699; x_wconf 91' lang='lat' dir='ltr'>clarorum</span> <span class='ocrx_word' id='word_1_29' title='bbox 1200 635 1257 698; x_wconf 78' lang='lat' dir='ltr'>ho</span> 
     </span>
     <span class='ocr_line' id='line_1_5' title="bbox 156 740 1256 825; baseline -0.002 -20"><span class='ocrx_word' id='word_1_30' title='bbox 156 759 184 806; x_wconf 80' lang='lat' dir='ltr'>rs</span> <span class='ocrx_word' id='word_1_31' title='bbox 205 745 336 808; x_wconf 92' lang='lat' dir='ltr'>minum</span> <span class='ocrx_word' id='word_1_32' title='bbox 366 750 401 807; x_wconf 94' lang='lat' dir='ltr'>et</span> <span class='ocrx_word' id='word_1_33' title='bbox 431 741 514 806; x_wconf 90' lang='lat' dir='ltr'>bene</span> <span class='ocrx_word' id='word_1_34' title='bbox 547 740 588 806; x_wconf 92' lang='lat' dir='ltr'>de</span> <span class='ocrx_word' id='word_1_35' title='bbox 620 762 654 806; x_wconf 90' lang='lat' dir='ltr'>re</span> <span class='ocrx_word' id='word_1_36' title='bbox 686 740 823 825; x_wconf 89' lang='lat' dir='ltr'>publica</span> <span class='ocrx_word' id='word_1_37' title='bbox 860 742 1056 805; x_wconf 90' lang='lat' dir='ltr'>meritorum</span> <span class='ocrx_word' id='word_1_38' title='bbox 1094 741 1256 805; x_wconf 91' lang='lat' dir='ltr'>memoria</span> 
     </span>
     <span class='ocr_line' id='line_1_6' title="bbox 206 844 1256 928; baseline -0.006 -15"><span class='ocrx_word' id='word_1_39' title='bbox 206 849 309 914; x_wconf 86' lang='lat' dir='ltr'>etiam</span> <span class='ocrx_word' id='word_1_40' title='bbox 339 854 559 910; x_wconf 91' lang='lat' dir='ltr'>mortuorum.</span> <span class='ocrx_word' id='word_1_41' title='bbox 607 844 697 923; x_wconf 79' lang='lat' dir='ltr'>Quia</span> <span class='ocrx_word' id='word_1_42' title='bbox 728 845 860 909; x_wconf 76' lang='lat' dir='ltr'><strong>tristem</strong></span> <span class='ocrx_word' id='word_1_43' title='bbox 891 866 1031 928; x_wconf 86' lang='lat' dir='ltr'>semper,</span> <span class='ocrx_word' id='word_1_44' title='bbox 1064 845 1146 928; x_wconf 91' lang='lat' dir='ltr'>quia</span> <span class='ocrx_word' id='word_1_45' title='bbox 1177 845 1256 908; x_wconf 91' lang='lat' dir='ltr'>taci-</span> 
     </span>
     <span class='ocr_line' id='line_1_7' title="bbox 208 947 1255 1036; baseline -0.005 -20"><span class='ocrx_word' id='word_1_46' title='bbox 208 961 357 1028; x_wconf 79' lang='lat' dir='ltr'>turnum,</span> <span class='ocrx_word' id='word_1_47' title='bbox 383 952 464 1036; x_wconf 89' lang='lat' dir='ltr'>quia</span> <span class='ocrx_word' id='word_1_48' title='bbox 495 948 735 1014; x_wconf 84' lang='lat' dir='ltr'><strong>subhorridum</strong></span> <span class='ocrx_word' id='word_1_49' title='bbox 759 956 861 1033; x_wconf 92' lang='lat' dir='ltr'>atque</span> <span class='ocrx_word' id='word_1_50' title='bbox 889 949 1057 1013; x_wconf 81' lang='lat' dir='ltr'>incultum</span> <span class='ocrx_word' id='word_1_51' title='bbox 1082 947 1255 1024; x_wconf 88' lang='lat' dir='ltr'>videbant,</span> 
     </span>
     <span class='ocr_line' id='line_1_8' title="bbox 208 1052 1257 1140; baseline -0.006 -18"><span class='ocrx_word' id='word_1_52' title='bbox 208 1065 243 1122; x_wconf 92' lang='lat' dir='ltr'>et</span> <span class='ocrx_word' id='word_1_53' title='bbox 257 1056 350 1140; x_wconf 92' lang='lat' dir='ltr'>quod</span> <span class='ocrx_word' id='word_1_54' title='bbox 365 1063 438 1121; x_wconf 91' lang='lat' dir='ltr'>erat</span> <span class='ocrx_word' id='word_1_55' title='bbox 461 1077 500 1120; x_wconf 92' lang='lat' dir='ltr'>eo</span> <span class='ocrx_word' id='word_1_56' title='bbox 527 1055 672 1130; x_wconf 91' lang='lat' dir='ltr'>nomine,</span> <span class='ocrx_word' id='word_1_57' title='bbox 689 1061 729 1118; x_wconf 91' lang='lat' dir='ltr'>ut</span> <span class='ocrx_word' id='word_1_58' title='bbox 754 1054 952 1140; x_wconf 85' lang='lat' dir='ltr'>ingenerata</span> <span class='ocrx_word' id='word_1_59' title='bbox 974 1052 1121 1118; x_wconf 85' lang='lat' dir='ltr'>familiae</span> <span class='ocrx_word' id='word_1_60' title='bbox 1142 1052 1257 1138; x_wconf 84' lang='lat' dir='ltr'>fruga-</span> 
     </span>
     <span class='ocr_line' id='line_1_9' title="bbox 207 1156 1256 1245; baseline -0.003 -21"><span class='ocrx_word' id='word_1_61' title='bbox 207 1163 285 1226; x_wconf 89' lang='lat' dir='ltr'>litas</span> <span class='ocrx_word' id='word_1_62' title='bbox 302 1159 483 1234; x_wconf 88' lang='lat' dir='ltr'>videretur,</span> <span class='ocrx_word' id='word_1_63' title='bbox 501 1158 670 1233; x_wconf 83' lang='lat' dir='ltr'>favebant,</span> <span class='ocrx_word' id='word_1_64' title='bbox 686 1156 882 1245; x_wconf 75' lang='lat' dir='ltr'>gaudebant</span> <span class='ocrx_word' id='word_1_65' title='bbox 899 1165 935 1223; x_wconf 90' lang='lat' dir='ltr'>et</span> <span class='ocrx_word' id='word_1_66' title='bbox 956 1157 999 1221; x_wconf 92' lang='lat' dir='ltr'>ad</span> <span class='ocrx_word' id='word_1_67' title='bbox 1022 1156 1256 1243; x_wconf 87' lang='lat' dir='ltr'>integritatem</span> 
     </span>
     <span class='ocr_line' id='line_1_10' title="bbox 154 1261 1255 1348; baseline 0 -22"><span class='ocrx_word' id='word_1_68' title='bbox 154 1283 183 1326; x_wconf 82' lang='lat' dir='ltr'>so</span> <span class='ocrx_word' id='word_1_69' title='bbox 205 1265 369 1329; x_wconf 90' lang='lat' dir='ltr'>maiorum</span> <span class='ocrx_word' id='word_1_70' title='bbox 391 1286 449 1347; x_wconf 91' lang='lat' dir='ltr'>spe</span> <span class='ocrx_word' id='word_1_71' title='bbox 473 1283 535 1327; x_wconf 89' lang='lat' dir='ltr'>sua</span> <span class='ocrx_word' id='word_1_72' title='bbox 562 1263 732 1326; x_wconf 91' lang='lat' dir='ltr'>hominem</span> <span class='ocrx_word' id='word_1_73' title='bbox 758 1261 925 1327; x_wconf 83' lang='lat' dir='ltr'>vocabant</span> <span class='ocrx_word' id='word_1_74' title='bbox 949 1262 1094 1325; x_wconf 91' lang='lat' dir='ltr'>materni</span> <span class='ocrx_word' id='word_1_75' title='bbox 1119 1262 1255 1348; x_wconf 86' lang='lat' dir='ltr'>generis</span> 
     </span>
     <span class='ocr_line' id='line_1_11' title="bbox 154 1365 1255 1454; baseline 0.001 -25"><span class='ocrx_word' id='word_1_76' title='bbox 154 1367 193 1429; x_wconf 82' lang='lat'>22</span> <span class='ocrx_word' id='word_1_77' title='bbox 209 1369 315 1433; x_wconf 90' lang='lat' dir='ltr'>obliti.</span> <span class='ocrx_word' id='word_1_78' title='bbox 363 1369 436 1454; x_wconf 84' lang='lat' dir='ltr'>Ego</span> <span class='ocrx_word' id='word_1_79' title='bbox 453 1375 565 1431; x_wconf 92' lang='lat' dir='ltr'>autern</span> <span class='ocrx_word' id='word_1_80' title='bbox 591 1369 688 1451; x_wconf 89' lang='lat' dir='ltr'>(vere</span> <span class='ocrx_word' id='word_1_81' title='bbox 712 1366 832 1442; x_wconf 88' lang='lat' dir='ltr'>dicam,</span> <span class='ocrx_word' id='word_1_82' title='bbox 849 1365 997 1449; x_wconf 89' lang='lat' dir='ltr'>iudices)</span> <span class='ocrx_word' id='word_1_83' title='bbox 1024 1372 1158 1429; x_wconf 90' lang='lat' dir='ltr'>tantum</span> <span class='ocrx_word' id='word_1_84' title='bbox 1180 1387 1255 1430; x_wconf 90' lang='lat' dir='ltr'>esse</span> 
     </span>
     <span class='ocr_line' id='line_1_12' title="bbox 207 1471 1253 1555; baseline -0.001 -19"><span class='ocrx_word' id='word_1_85' title='bbox 207 1474 241 1536; x_wconf 92' lang='lat' dir='ltr'>in</span> <span class='ocrx_word' id='word_1_86' title='bbox 260 1472 391 1537; x_wconf 90' lang='lat' dir='ltr'>homine</span> <span class='ocrx_word' id='word_1_87' title='bbox 409 1473 553 1547; x_wconf 89' lang='lat' dir='ltr'>sceleris,</span> <span class='ocrx_word' id='word_1_88' title='bbox 571 1471 742 1547; x_wconf 81' lang='lat' dir='ltr'>audaciae,</span> <span class='ocrx_word' id='word_1_89' title='bbox 760 1471 980 1547; x_wconf 76' lang='lat' dir='ltr'>crudelitatis</span> <span class='ocrx_word' id='word_1_90' title='bbox 998 1478 1165 1555; x_wconf 90' lang='lat' dir='ltr'>quantum</span> <span class='ocrx_word' id='word_1_91' title='bbox 1181 1471 1253 1554; x_wconf 92' lang='lat' dir='ltr'>ipse</span> 
     </span>
     <span class='ocr_line' id='line_1_13' title="bbox 207 1575 1253 1660; baseline -0.002 -20"><span class='ocrx_word' id='word_1_92' title='bbox 207 1598 283 1640; x_wconf 92' lang='lat' dir='ltr'>oum</span> <span class='ocrx_word' id='word_1_93' title='bbox 300 1597 335 1641; x_wconf 92' lang='lat' dir='ltr'>re</span> <span class='ocrx_word' id='word_1_94' title='bbox 361 1575 495 1660; x_wconf 80' lang='lat' dir='ltr'>publica</span> <span class='ocrx_word' id='word_1_95' title='bbox 520 1576 620 1652; x_wconf 89' lang='lat' dir='ltr'>sensi,</span> <span class='ocrx_word' id='word_1_96' title='bbox 637 1597 822 1659; x_wconf 88' lang='lat' dir='ltr'>numquam</span> <span class='ocrx_word' id='word_1_97' title='bbox 846 1577 984 1659; x_wconf 84' lang='lat' dir='ltr'>putavi3</span> <span class='ocrx_word' id='word_1_98' title='bbox 1009 1596 1155 1659; x_wconf 88' lang='lat' dir='ltr'>nequam</span> <span class='ocrx_word' id='word_1_99' title='bbox 1181 1596 1253 1638; x_wconf 88' lang='lat' dir='ltr'>esse</span> 
     </span>
     <span class='ocr_line' id='line_1_14' title="bbox 206 1679 1255 1763; baseline -0.001 -20"><span class='ocrx_word' id='word_1_100' title='bbox 206 1680 375 1746; x_wconf 90' lang='lat' dir='ltr'>hominem</span> <span class='ocrx_word' id='word_1_101' title='bbox 425 1687 460 1744; x_wconf 93' lang='lat' dir='ltr'>et</span> <span class='ocrx_word' id='word_1_102' title='bbox 496 1679 607 1744; x_wconf 89' lang='lat' dir='ltr'>levem</span> <span class='ocrx_word' id='word_1_103' title='bbox 656 1688 691 1744; x_wconf 87' lang='lat' dir='ltr'>et</span> <span class='ocrx_word' id='word_1_104' title='bbox 739 1679 824 1743; x_wconf 88' lang='lat' dir='ltr'>falsa</span> <span class='ocrx_word' id='word_1_105' title='bbox 872 1680 1030 1763; x_wconf 89' lang='lat' dir='ltr'>opinione</span> <span class='ocrx_word' id='word_1_106' title='bbox 1079 1679 1255 1742; x_wconf 90' lang='lat' dir='ltr'>hominum</span> 
     </span>
     <span class='ocr_line' id='line_1_15' title="bbox 153 1783 1257 1848; baseline 0 -3"><span class='ocrx_word' id='word_1_107' title='bbox 153 1800 182 1845; x_wconf 81' lang='lat'>2⁵</span> <span class='ocrx_word' id='word_1_108' title='bbox 205 1783 247 1848; x_wconf 93' lang='lat' dir='ltr'>ab</span> <span class='ocrx_word' id='word_1_109' title='bbox 276 1783 505 1848; x_wconf 90' lang='lat' dir='ltr'>adulescentia</span> <span class='ocrx_word' id='word_1_110' title='bbox 530 1783 800 1848; x_wconf 90' lang='lat' dir='ltr'>commendatum</span> <span class='ocrx_word' id='word_1_111' title='bbox 826 1783 983 1848; x_wconf 88' lang='lat' dir='ltr'>sciebam.</span> <span class='ocrx_word' id='word_1_112' title='bbox 1029 1783 1164 1848; x_wconf 84' lang='lat' dir='ltr'>Etenim</span> <span class='ocrx_word' id='word_1_113' title='bbox 1188 1783 1257 1846; x_wconf 89' lang='lat' dir='ltr'>ani·</span> 
     </span>
     <span class='ocr_line' id='line_1_16' title="bbox 207 1886 1256 1974; baseline -0.001 -23"><span class='ocrx_word' id='word_1_114' title='bbox 207 1909 281 1952; x_wconf 93' lang='lat' dir='ltr'>mus</span> <span class='ocrx_word' id='word_1_115' title='bbox 313 1888 385 1952; x_wconf 92' lang='lat' dir='ltr'>eius</span> <span class='ocrx_word' id='word_1_116' title='bbox 417 1888 527 1963; x_wconf 86' lang='lat' dir='ltr'>vultu,</span> <span class='ocrx_word' id='word_1_117' title='bbox 559 1886 688 1974; x_wconf 82' lang='lat' dir='ltr'>flagitia</span> <span class='ocrx_word' id='word_1_118' title='bbox 721 1887 903 1972; x_wconf 85' lang='lat' dir='ltr'>parietibus</span> <span class='ocrx_word' id='word_1_119' title='bbox 934 1887 1160 1974; x_wconf 84' lang='lat' dir='ltr'>tegebantur3</span> <span class='ocrx_word' id='word_1_120' title='bbox 1194 1886 1256 1951; x_wconf 91' lang='lat' dir='ltr'>sed</span> 
     </span>
     <span class='ocr_line' id='line_1_17' title="bbox 206 1991 1254 2077; baseline 0.001 -22"><span class='ocrx_word' id='word_1_121' title='bbox 206 1992 287 2057; x_wconf 89' lang='lat' dir='ltr'>haec</span> <span class='ocrx_word' id='word_1_122' title='bbox 318 1992 505 2075; x_wconf 87' lang='lat' dir='ltr'>opstructio</span> <span class='ocrx_word' id='word_1_123' title='bbox 532 2013 594 2056; x_wconf 92' lang='lat' dir='ltr'>nec</span> <span class='ocrx_word' id='word_1_124' title='bbox 621 1991 784 2055; x_wconf 86' lang='lat' dir='ltr'>diuturna</span> <span class='ocrx_word' id='word_1_125' title='bbox 811 2000 864 2056; x_wconf 89' lang='lat' dir='ltr'>est</span> <span class='ocrx_word' id='word_1_126' title='bbox 888 2014 997 2077; x_wconf 92' lang='lat' dir='ltr'>neque</span> <span class='ocrx_word' id='word_1_127' title='bbox 1026 1991 1172 2056; x_wconf 92' lang='lat' dir='ltr'>obducta</span> <span class='ocrx_word' id='word_1_128' title='bbox 1196 1992 1254 2069; x_wconf 87' lang='lat' dir='ltr'>ita,</span> 
     </span>
     <span class='ocr_line' id='line_1_18' title="bbox 208 2094 1254 2180; baseline 0.001 -20"><span class='ocrx_word' id='word_1_129' title='bbox 208 2103 248 2161; x_wconf 90' lang='lat' dir='ltr'>ut</span> <span class='ocrx_word' id='word_1_130' title='bbox 265 2095 406 2160; x_wconf 88' lang='lat' dir='ltr'>curiosis</span> <span class='ocrx_word' id='word_1_131' title='bbox 429 2094 536 2159; x_wconf 87' lang='lat' dir='ltr'>oculis</span> <span class='ocrx_word' id='word_1_132' title='bbox 562 2096 707 2180; x_wconf 76' lang='lat' dir='ltr'>perspici</span> <span class='ocrx_word' id='word_1_133' title='bbox 730 2117 798 2159; x_wconf 92' lang='lat' dir='ltr'>non</span> <span class='ocrx_word' id='word_1_134' title='bbox 821 2097 937 2180; x_wconf 87' lang='lat' dir='ltr'>possit.</span> <span class='ocrx_word' id='word_1_135' title='bbox 983 2113 1019 2159; x_wconf 86' lang='lat' dir='ltr'>x.</span> <span class='ocrx_word' id='word_1_136' title='bbox 1043 2095 1254 2161; x_wconf 85' lang='lat' dir='ltr'>Videbamus</span> 
     </span>
     <span class='ocr_line' id='line_1_19' title="bbox 206 2197 1254 2285; baseline 0 -22"><span class='ocrx_word' id='word_1_137' title='bbox 206 2220 312 2285; x_wconf 85' lang='lat' dir='ltr'>genus</span> <span class='ocrx_word' id='word_1_138' title='bbox 329 2199 429 2274; x_wconf 87' lang='lat' dir='ltr'>vitae,</span> <span class='ocrx_word' id='word_1_139' title='bbox 446 2197 620 2273; x_wconf 90' lang='lat' dir='ltr'>desidiam,</span> <span class='ocrx_word' id='word_1_140' title='bbox 638 2200 815 2274; x_wconf 90' lang='lat' dir='ltr'>inertiam;</span> <span class='ocrx_word' id='word_1_141' title='bbox 832 2200 980 2264; x_wconf 87' lang='lat' dir='ltr'>inclusas</span> <span class='ocrx_word' id='word_1_142' title='bbox 997 2202 1069 2264; x_wconf 92' lang='lat' dir='ltr'>eius</span> <span class='ocrx_word' id='word_1_143' title='bbox 1085 2199 1254 2275; x_wconf 81' lang='lat' dir='ltr'>libidines,</span> 
     </span>
     <span class='ocr_line' id='line_1_20' title="bbox 206 2301 1255 2388; baseline 0 -22"><span class='ocrx_word' id='word_1_144' title='bbox 206 2303 266 2388; x_wconf 91' lang='lat' dir='ltr'>qui</span> <span class='ocrx_word' id='word_1_145' title='bbox 289 2301 390 2387; x_wconf 91' lang='lat' dir='ltr'>paulo</span> <span class='ocrx_word' id='word_1_146' title='bbox 421 2302 559 2387; x_wconf 91' lang='lat' dir='ltr'>propius</span> <span class='ocrx_word' id='word_1_147' title='bbox 591 2310 809 2379; x_wconf 87' lang='lat' dir='ltr'>accesserant,</span> <span class='ocrx_word' id='word_1_148' title='bbox 835 2304 1075 2380; x_wconf 85' lang='lat' dir='ltr'>intuebantur3</span> <span class='ocrx_word' id='word_1_149' title='bbox 1107 2303 1255 2388; x_wconf 89' lang='lat' dir='ltr'>denique</span> 
     </span>
    </p>
   </div>
   <div class='ocr_carea' id='block_1_3' title="bbox 200 2563 1254 3848">
    <p class='ocr_par' dir='ltr' id='par_1_3' title="bbox 200 2563 1254 3848">
     <span class='ocr_line' id='line_1_21' title="bbox 204 2563 1254 2627; baseline 0.001 -14"><span class='ocrx_word' id='word_1_150' title='bbox 204 2564 288 2626; x_wconf 87' lang='lat' dir='ltr'>tion;’</span> <span class='ocrx_word' id='word_1_151' title='bbox 308 2565 399 2614; x_wconf 88' lang='lat' dir='ltr'>notice</span> <span class='ocrx_word' id='word_1_152' title='bbox 412 2565 459 2612; x_wconf 88' lang='lat' dir='ltr'>the</span> <span class='ocrx_word' id='word_1_153' title='bbox 473 2564 604 2627; x_wconf 85' lang='lat' dir='ltr'>slighting</span> <span class='ocrx_word' id='word_1_154' title='bbox 618 2563 716 2613; x_wconf 91' lang='lat' dir='ltr'>dimin·</span> <span class='ocrx_word' id='word_1_155' title='bbox 739 2565 950 2627; x_wconf 83' lang='lat' dir='ltr'>integritatem</span> <span class='ocrx_word' id='word_1_156' title='bbox 973 2602 978 2614; x_wconf 94' lang='lat'><em>.</em></span> <span class='ocrx_word' id='word_1_157' title='bbox 1014 2601 1020 2613; x_wconf 92' lang='lat'>.</span> <span class='ocrx_word' id='word_1_158' title='bbox 1048 2602 1054 2614; x_wconf 92' lang='lat'><strong><em>.</em></strong></span> <span class='ocrx_word' id='word_1_159' title='bbox 1085 2565 1254 2623; x_wconf 87' lang='lat' dir='ltr'>vocabant,</span> 
     </span>
     <span class='ocr_line' id='line_1_22' title="bbox 203 2640 1254 2705; baseline 0.002 -16"><span class='ocrx_word' id='word_1_160' title='bbox 203 2642 286 2690; x_wconf 86' lang='lat' dir='ltr'>utive.</span> <span class='ocrx_word' id='word_1_161' title='bbox 329 2641 423 2689; x_wconf 88' lang='lat' dir='ltr'>boni:</span> <span class='ocrx_word' id='word_1_162' title='bbox 459 2641 487 2688; x_wconf 91' lang='lat' dir='ltr'>in</span> <span class='ocrx_word' id='word_1_163' title='bbox 512 2642 586 2690; x_wconf 87' lang='lat' dir='ltr'>what</span> <span class='ocrx_word' id='word_1_164' title='bbox 617 2642 717 2690; x_wconf 79' lang='lat' dir='ltr'>sense?</span> <span class='ocrx_word' id='word_1_165' title='bbox 741 2641 814 2692; x_wconf 82' lang='lat' dir='ltr'>‘and</span> <span class='ocrx_word' id='word_1_166' title='bbox 832 2644 866 2705; x_wconf 86' lang='lat' dir='ltr'>by</span> <span class='ocrx_word' id='word_1_167' title='bbox 883 2645 954 2693; x_wconf 89' lang='lat' dir='ltr'>their</span> <span class='ocrx_word' id='word_1_168' title='bbox 970 2644 1054 2705; x_wconf 87' lang='lat' dir='ltr'>hopes</span> <span class='ocrx_word' id='word_1_169' title='bbox 1067 2640 1107 2703; x_wconf 85' lang='lat' dir='ltr'>(oi</span> <span class='ocrx_word' id='word_1_170' title='bbox 1123 2641 1193 2704; x_wconf 89' lang='lat' dir='ltr'>him)</span> <span class='ocrx_word' id='word_1_171' title='bbox 1207 2657 1254 2691; x_wconf 86' lang='lat' dir='ltr'>en-</span> 
     </span>
     <span class='ocr_line' id='line_1_23' title="bbox 203 2717 1254 2781; baseline 0.002 -16"><span class='ocrx_word' id='word_1_172' title='bbox 203 2717 249 2766; x_wconf 85' lang='lat' dir='ltr'>rei</span> <span class='ocrx_word' id='word_1_173' title='bbox 266 2717 419 2779; x_wconf 82' lang='lat' dir='ltr'>publicae,</span> <span class='ocrx_word' id='word_1_174' title='bbox 436 2718 491 2766; x_wconf 85' lang='lat' dir='ltr'>dat.</span> <span class='ocrx_word' id='word_1_175' title='bbox 510 2717 577 2766; x_wconf 90' lang='lat' dir='ltr'>with</span> <span class='ocrx_word' id='word_1_176' title='bbox 590 2731 655 2777; x_wconf 82' lang='lat' dir='ltr'>esse,</span> <span class='ocrx_word' id='word_1_177' title='bbox 669 2723 717 2767; x_wconf 91' lang='lat' dir='ltr'>not</span> <span class='ocrx_word' id='word_1_178' title='bbox 740 2719 871 2780; x_wconf 89' lang='lat' dir='ltr'>couraged</span> <span class='ocrx_word' id='word_1_179' title='bbox 896 2721 954 2768; x_wconf 92' lang='lat' dir='ltr'>him</span> <span class='ocrx_word' id='word_1_180' title='bbox 972 2726 1000 2769; x_wconf 88' lang='lat' dir='ltr'>to</span> <span class='ocrx_word' id='word_1_181' title='bbox 1025 2718 1125 2781; x_wconf 89' lang='lat' dir='ltr'>(aspire</span> <span class='ocrx_word' id='word_1_182' title='bbox 1147 2717 1188 2780; x_wconf 93' lang='lat' dir='ltr'>to)</span> <span class='ocrx_word' id='word_1_183' title='bbox 1207 2719 1254 2767; x_wconf 89' lang='lat' dir='ltr'>the</span> 
     </span>
     <span class='ocr_line' id='line_1_24' title="bbox 205 2792 1254 2845; baseline 0.002 -5"><span class='ocrx_word' id='word_1_184' title='bbox 205 2793 355 2842; x_wconf 82' lang='lat' dir='ltr'>withnh‘lc.</span> <span class='ocrx_word' id='word_1_185' title='bbox 387 2792 523 2840; x_wconf 80' lang='lat' dir='ltr'>tristem:</span> <span class='ocrx_word' id='word_1_186' title='bbox 541 2806 576 2840; x_wconf 87' lang='lat' dir='ltr'>sc.</span> <span class='ocrx_word' id='word_1_187' title='bbox 587 2792 717 2843; x_wconf 78' lang='lat' dir='ltr'>Pisonem</span> <span class='ocrx_word' id='word_1_188' title='bbox 740 2796 880 2844; x_wconf 84' lang='lat' dir='ltr'>character</span> <span class='ocrx_word' id='word_1_189' title='bbox 894 2797 923 2844; x_wconf 89' lang='lat' dir='ltr'>oi</span> <span class='ocrx_word' id='word_1_190' title='bbox 940 2797 983 2845; x_wconf 90' lang='lat' dir='ltr'>his</span> <span class='ocrx_word' id='word_1_191' title='bbox 1000 2795 1085 2845; x_wconf 68' lang='lat' dir='ltr'>sires!</span> <span class='ocrx_word' id='word_1_192' title='bbox 1121 2795 1254 2844; x_wconf 85' lang='lat' dir='ltr'>materni</span> 
     </span>
     <span class='ocr_line' id='line_1_25' title="bbox 204 2867 1251 2932; baseline 0.004 -16"><span class='ocrx_word' id='word_1_193' title='bbox 204 2881 234 2916; x_wconf 91' lang='lat' dir='ltr'>or</span> <span class='ocrx_word' id='word_1_194' title='bbox 245 2881 261 2916; x_wconf 86' lang='lat' dir='ltr'>a</span> <span class='ocrx_word' id='word_1_195' title='bbox 272 2881 396 2929; x_wconf 91' lang='lat' dir='ltr'>pronoun</span> <span class='ocrx_word' id='word_1_196' title='bbox 408 2867 541 2929; x_wconf 82' lang='lat' dir='ltr'>referring</span> <span class='ocrx_word' id='word_1_197' title='bbox 552 2872 581 2916; x_wconf 90' lang='lat' dir='ltr'>to</span> <span class='ocrx_word' id='word_1_198' title='bbox 594 2867 658 2917; x_wconf 89' lang='lat' dir='ltr'>him.</span> <span class='ocrx_word' id='word_1_199' title='bbox 740 2872 874 2932; x_wconf 84' lang='lat' dir='ltr'>generis:</span> <span class='ocrx_word' id='word_1_200' title='bbox 892 2872 935 2920; x_wconf 86' lang='lat' dir='ltr'>his</span> <span class='ocrx_word' id='word_1_201' title='bbox 952 2874 1059 2922; x_wconf 87' lang='lat' dir='ltr'>mother</span> <span class='ocrx_word' id='word_1_202' title='bbox 1070 2886 1126 2922; x_wconf 89' lang='lat' dir='ltr'>was</span> <span class='ocrx_word' id='word_1_203' title='bbox 1139 2885 1156 2920; x_wconf 93' lang='lat' dir='ltr'>a</span> <span class='ocrx_word' id='word_1_204' title='bbox 1172 2870 1251 2921; x_wconf 85' lang='lat' dir='ltr'>Gaul.</span> 
     </span>
     <span class='ocr_line' id='line_1_26' title="bbox 235 2939 1253 3009; baseline 0.01 -21"><span class='ocrx_word' id='word_1_205' title='bbox 235 2940 336 2989; x_wconf 81' lang='lat'><strong>17-20.</strong></span> <span class='ocrx_word' id='word_1_206' title='bbox 353 2939 580 2998; x_wconf 80' lang='lat' dir='ltr'>subhorridum,</span> <span class='ocrx_word' id='word_1_207' title='bbox 612 2954 641 2990; x_wconf 87' lang='lat' dir='ltr'>as</span> <span class='ocrx_word' id='word_1_208' title='bbox 674 2943 718 2991; x_wconf 88' lang='lat' dir='ltr'>de·</span> <span class='ocrx_word' id='word_1_209' title='bbox 773 2949 845 3009; x_wconf 75' lang='lat'>§22-</span> <span class='ocrx_word' id='word_1_210' title='bbox 865 2947 965 2997; x_wconf 82' lang='lat'>23-25.</span> <span class='ocrx_word' id='word_1_211' title='bbox 984 2961 1055 2998; x_wconf 89' lang='lat' dir='ltr'>cum</span> <span class='ocrx_word' id='word_1_212' title='bbox 1081 2960 1117 2998; x_wconf 84' lang='lat' dir='ltr'>re</span> <span class='ocrx_word' id='word_1_213' title='bbox 1144 2960 1172 3009; x_wconf 89' lang='lat' dir='ltr'>p.</span> <span class='ocrx_word' id='word_1_214' title='bbox 1187 2971 1213 2997; x_wconf 91' lang='lat'>=</span> <span class='ocrx_word' id='word_1_215' title='bbox 1228 2950 1253 2998; x_wconf 89' lang='lat' dir='ltr'>et</span> 
     </span>
     <span class='ocr_line' id='line_1_27' title="bbox 204 3016 1254 3084; baseline 0.006 -18"><span class='ocrx_word' id='word_1_216' title='bbox 204 3016 307 3066; x_wconf 87' lang='lat' dir='ltr'>scribed</span> <span class='ocrx_word' id='word_1_217' title='bbox 333 3017 362 3064; x_wconf 90' lang='lat' dir='ltr'>in</span> <span class='ocrx_word' id='word_1_218' title='bbox 385 3017 398 3077; x_wconf 67' lang='grc' dir='ltr'><strong>ς</strong></span> <span class='ocrx_word' id='word_1_219' title='bbox 423 3016 465 3077; x_wconf 90' lang='grc'>19;</span> <span class='ocrx_word' id='word_1_220' title='bbox 500 3016 561 3064; x_wconf 80' lang='lat' dir='ltr'>sub·</span> <span class='ocrx_word' id='word_1_221' title='bbox 587 3018 654 3067; x_wconf 89' lang='lat' dir='ltr'>with</span> <span class='ocrx_word' id='word_1_222' title='bbox 682 3032 717 3067; x_wconf 86' lang='lat' dir='ltr'>an</span> <span class='ocrx_word' id='word_1_223' title='bbox 740 3038 783 3074; x_wconf 79' lang='lat' dir='ltr'>res</span> <span class='ocrx_word' id='word_1_224' title='bbox 818 3038 847 3084; x_wconf 86' lang='lat' dir='ltr'>p.</span> <span class='ocrx_word' id='word_1_225' title='bbox 898 3036 1038 3084; x_wconf 85' lang='lat' dir='ltr'>nequam,</span> <span class='ocrx_word' id='word_1_226' title='bbox 1073 3023 1254 3073; x_wconf 86' lang='lat' dir='ltr'>indeclinabie</span> 
     </span>
     <span class='ocr_line' id='line_1_28' title="bbox 204 3092 1254 3163; baseline 0.008 -21"><span class='ocrx_word' id='word_1_227' title='bbox 204 3093 336 3156; x_wconf 86' lang='lat' dir='ltr'>adjective</span> <span class='ocrx_word' id='word_1_228' title='bbox 354 3092 467 3142; x_wconf 81' lang='lat' dir='ltr'>denotas</span> <span class='ocrx_word' id='word_1_229' title='bbox 479 3107 494 3141; x_wconf 92' lang='lat' dir='ltr'>a</span> <span class='ocrx_word' id='word_1_230' title='bbox 508 3092 588 3142; x_wconf 91' lang='lat' dir='ltr'>small</span> <span class='ocrx_word' id='word_1_231' title='bbox 604 3100 718 3144; x_wconf 86' lang='lat' dir='ltr'>amount</span> <span class='ocrx_word' id='word_1_232' title='bbox 739 3101 793 3162; x_wconf 81' lang='lat' dir='ltr'>adj.</span> <span class='ocrx_word' id='word_1_233' title='bbox 818 3101 858 3149; x_wconf 91' lang='lat' dir='ltr'>ab</span> <span class='ocrx_word' id='word_1_234' title='bbox 877 3099 1100 3157; x_wconf 80' lang='lat' dir='ltr'>adulescentia,</span> <span class='ocrx_word' id='word_1_235' title='bbox 1123 3099 1173 3162; x_wconf 85' lang='lat' dir='ltr'>‘by</span> <span class='ocrx_word' id='word_1_236' title='bbox 1193 3097 1254 3163; x_wconf 89' lang='lat' dir='ltr'>(not</span> 
     </span>
     <span class='ocr_line' id='line_1_29' title="bbox 203 3166 1250 3238; baseline 0.005 -20"><span class='ocrx_word' id='word_1_237' title='bbox 203 3171 233 3218; x_wconf 84' lang='lat' dir='ltr'>oi</span> <span class='ocrx_word' id='word_1_238' title='bbox 247 3170 293 3218; x_wconf 90' lang='lat' dir='ltr'>the</span> <span class='ocrx_word' id='word_1_239' title='bbox 305 3166 458 3232; x_wconf 83' lang='lat' dir='ltr'>quality(:</span> <span class='ocrx_word' id='word_1_240' title='bbox 475 3169 601 3232; x_wconf 67' lang='lat' dir='ltr'>‘rathen&#39;</span> <span class='ocrx_word' id='word_1_241' title='bbox 618 3170 718 3221; x_wconf 87' lang='lat' dir='ltr'>‘some-</span> <span class='ocrx_word' id='word_1_242' title='bbox 742 3175 856 3235; x_wconf 83' lang='lat' dir='ltr'>‘irom’)</span> <span class='ocrx_word' id='word_1_243' title='bbox 885 3176 928 3224; x_wconf 86' lang='lat' dir='ltr'>his</span> <span class='ocrx_word' id='word_1_244' title='bbox 952 3175 1040 3238; x_wconf 82' lang='lat' dir='ltr'>(strict</span> <span class='ocrx_word' id='word_1_245' title='bbox 1064 3175 1112 3225; x_wconf 89' lang='lat' dir='ltr'>liie</span> <span class='ocrx_word' id='word_1_246' title='bbox 1143 3176 1173 3224; x_wconf 88' lang='lat' dir='ltr'>in</span> <span class='ocrx_word' id='word_1_247' title='bbox 1195 3174 1250 3237; x_wconf 88' lang='lat' dir='ltr'>his)</span> 
     </span>
     <span class='ocr_line' id='line_1_30' title="bbox 204 3244 1251 3314; baseline 0.006 -20"><span class='ocrx_word' id='word_1_248' title='bbox 204 3245 315 3307; x_wconf 85' lang='lat' dir='ltr'>what&#39;),</span> <span class='ocrx_word' id='word_1_249' title='bbox 340 3245 394 3294; x_wconf 88' lang='lat' dir='ltr'>and</span> <span class='ocrx_word' id='word_1_250' title='bbox 417 3244 440 3295; x_wconf 93' lang='lat' dir='ltr'>is</span> <span class='ocrx_word' id='word_1_251' title='bbox 463 3247 527 3296; x_wconf 87' lang='lat' dir='ltr'>thus</span> <span class='ocrx_word' id='word_1_252' title='bbox 550 3247 668 3309; x_wconf 88' lang='lat' dir='ltr'>opposed</span> <span class='ocrx_word' id='word_1_253' title='bbox 688 3253 717 3297; x_wconf 93' lang='lat' dir='ltr'>to</span> <span class='ocrx_word' id='word_1_254' title='bbox 740 3252 840 3314; x_wconf 66' lang='lat' dir='ltr'>youth?</span> <span class='ocrx_word' id='word_1_255' title='bbox 876 3253 929 3300; x_wconf 84' lang='lat' dir='ltr'>For</span> <span class='ocrx_word' id='word_1_256' title='bbox 945 3252 978 3301; x_wconf 84' lang='lat' dir='ltr'>ab</span> <span class='ocrx_word' id='word_1_257' title='bbox 996 3252 1030 3300; x_wconf 87' lang='lat' dir='ltr'>ci.</span> <span class='ocrx_word' id='word_1_258' title='bbox 1045 3251 1160 3302; x_wconf 73' lang='lat' dir='ltr'>Sullas.</span> <span class='ocrx_word' id='word_1_259' title='bbox 1172 3250 1200 3313; x_wconf 77' lang='grc'>7;</span> <span class='ocrx_word' id='word_1_260' title='bbox 1213 3251 1251 3300; x_wconf 92' lang='grc' dir='ltr'>ΙΙ.</span> 
     </span>
     <span class='ocr_line' id='line_1_31' title="bbox 200 3322 1254 3390; baseline 0.007 -20"><span class='ocrx_word' id='word_1_261' title='bbox 200 3335 270 3383; x_wconf 64' lang='lat' dir='ltr'>pen.</span> <span class='ocrx_word' id='word_1_262' title='bbox 312 3334 350 3370; x_wconf 83' lang='lat' dir='ltr'>eo</span> <span class='ocrx_word' id='word_1_263' title='bbox 374 3322 542 3372; x_wconf 87' lang='lat' dir='ltr'>nomine.</span> <span class='ocrx_word' id='word_1_264' title='bbox 577 3323 672 3374; x_wconf 83' lang='lat' dir='ltr'>Cicero</span> <span class='ocrx_word' id='word_1_265' title='bbox 694 3324 717 3374; x_wconf 87' lang='lat' dir='ltr'>is</span> <span class='ocrx_word' id='word_1_266' title='bbox 739 3328 784 3377; x_wconf 85' lang='lat'>25.</span> <span class='ocrx_word' id='word_1_267' title='bbox 801 3328 845 3390; x_wconf 84' lang='lat'>293</span> <span class='ocrx_word' id='word_1_268' title='bbox 867 3329 911 3377; x_wconf 84' lang='lat' dir='ltr'>ior</span> <span class='ocrx_word' id='word_1_269' title='bbox 933 3329 979 3377; x_wconf 88' lang='lat' dir='ltr'>the</span> <span class='ocrx_word' id='word_1_270' title='bbox 998 3334 1133 3390; x_wconf 87' lang='lat' dir='ltr'>pregnant</span> <span class='ocrx_word' id='word_1_271' title='bbox 1155 3342 1203 3377; x_wconf 87' lang='lat' dir='ltr'>use</span> <span class='ocrx_word' id='word_1_272' title='bbox 1224 3327 1254 3377; x_wconf 83' lang='lat' dir='ltr'>oi</span> 
     </span>
     <span class='ocr_line' id='line_1_32' title="bbox 203 3398 1249 3465; baseline 0.007 -19"><span class='ocrx_word' id='word_1_273' title='bbox 203 3398 332 3459; x_wconf 85' lang='lat' dir='ltr'>thinking</span> <span class='ocrx_word' id='word_1_274' title='bbox 343 3399 372 3446; x_wconf 88' lang='lat' dir='ltr'>oi</span> <span class='ocrx_word' id='word_1_275' title='bbox 384 3399 430 3448; x_wconf 84' lang='lat' dir='ltr'>the</span> <span class='ocrx_word' id='word_1_276' title='bbox 442 3414 577 3461; x_wconf 87' lang='lat' dir='ltr'>agnomen</span> <span class='ocrx_word' id='word_1_277' title='bbox 590 3401 676 3461; x_wconf 68' lang='lat' dir='ltr'>Frons</span> <span class='ocrx_word' id='word_1_278' title='bbox 688 3402 717 3450; x_wconf 87' lang='lat' dir='ltr'>oi</span> <span class='ocrx_word' id='word_1_279' title='bbox 739 3404 927 3454; x_wconf 79' lang='lat' dir='ltr'>adulescentis</span> <span class='ocrx_word' id='word_1_280' title='bbox 939 3404 974 3452; x_wconf 82' lang='lat' dir='ltr'>cf.</span> <span class='ocrx_word' id='word_1_281' title='bbox 989 3403 1070 3465; x_wconf 79' lang='lat' dir='ltr'>Aeto,</span> <span class='ocrx_word' id='word_1_282' title='bbox 1084 3404 1153 3452; x_wconf 87' lang='lat' dir='ltr'>Mur.</span> <span class='ocrx_word' id='word_1_283' title='bbox 1169 3402 1214 3451; x_wconf 89' lang='lat'>11.</span> <span class='ocrx_word' id='word_1_284' title='bbox 1225 3404 1249 3453; x_wconf 86' lang='lat'>8.</span> 
     </span>
     <span class='ocr_line' id='line_1_33' title="bbox 203 3475 717 3536; baseline 0.006 -14"><span class='ocrx_word' id='word_1_285' title='bbox 203 3488 256 3522; x_wconf 91' lang='lat' dir='ltr'>one</span> <span class='ocrx_word' id='word_1_286' title='bbox 278 3475 381 3525; x_wconf 86' lang='lat' dir='ltr'>branch</span> <span class='ocrx_word' id='word_1_287' title='bbox 404 3476 433 3524; x_wconf 87' lang='lat' dir='ltr'>oi</span> <span class='ocrx_word' id='word_1_288' title='bbox 456 3477 503 3525; x_wconf 91' lang='lat' dir='ltr'>the</span> <span class='ocrx_word' id='word_1_289' title='bbox 526 3477 647 3536; x_wconf 88' lang='lat' dir='ltr'>Pisones,</span> <span class='ocrx_word' id='word_1_290' title='bbox 668 3476 717 3525; x_wconf 89' lang='lat' dir='ltr'>but</span> 
     </span>
     <span class='ocr_line' id='line_1_34' title="bbox 203 3550 1252 3614; baseline 0.005 -17"><span class='ocrx_word' id='word_1_291' title='bbox 203 3550 250 3598; x_wconf 90' lang='lat' dir='ltr'>the</span> <span class='ocrx_word' id='word_1_292' title='bbox 263 3550 356 3599; x_wconf 87' lang='lat' dir='ltr'>consui</span> <span class='ocrx_word' id='word_1_293' title='bbox 369 3551 502 3614; x_wconf 83' lang='lat' dir='ltr'>belonged</span> <span class='ocrx_word' id='word_1_294' title='bbox 519 3559 547 3602; x_wconf 89' lang='lat' dir='ltr'>to</span> <span class='ocrx_word' id='word_1_295' title='bbox 563 3553 717 3602; x_wconf 83' lang='lat' dir='ltr'>adifferent</span> <span class='ocrx_word' id='word_1_296' title='bbox 771 3554 796 3602; x_wconf 86' lang='lat'>2.</span> <span class='ocrx_word' id='word_1_297' title='bbox 820 3554 980 3612; x_wconf 81' lang='lat' dir='ltr'>desidiam,</span> <span class='ocrx_word' id='word_1_298' title='bbox 1000 3554 1151 3611; x_wconf 82' lang='lat' dir='ltr'>inertiam,</span> <span class='ocrx_word' id='word_1_299' title='bbox 1175 3553 1252 3602; x_wconf 86' lang='lat' dir='ltr'>‘iack</span> 
     </span>
     <span class='ocr_line' id='line_1_35' title="bbox 203 3627 1252 3692; baseline 0.004 -18"><span class='ocrx_word' id='word_1_300' title='bbox 203 3627 315 3685; x_wconf 88' lang='lat' dir='ltr'>branch,</span> <span class='ocrx_word' id='word_1_301' title='bbox 340 3627 387 3676; x_wconf 88' lang='lat' dir='ltr'>the</span> <span class='ocrx_word' id='word_1_302' title='bbox 418 3628 572 3678; x_wconf 80' lang='lat' dir='ltr'>Caesonini.</span> <span class='ocrx_word' id='word_1_303' title='bbox 613 3628 717 3678; x_wconf 80' lang='lat' dir='ltr'>fave·</span> <span class='ocrx_word' id='word_1_304' title='bbox 740 3630 768 3678; x_wconf 90' lang='lat' dir='ltr'>oi</span> <span class='ocrx_word' id='word_1_305' title='bbox 785 3644 883 3692; x_wconf 87' lang='lat' dir='ltr'>energy</span> <span class='ocrx_word' id='word_1_306' title='bbox 899 3631 952 3678; x_wconf 82' lang='lat' dir='ltr'>and</span> <span class='ocrx_word' id='word_1_307' title='bbox 970 3629 1091 3691; x_wconf 83' lang='lat' dir='ltr'>ability;&#39;</span> <span class='ocrx_word' id='word_1_308' title='bbox 1111 3629 1158 3678; x_wconf 89' lang='lat' dir='ltr'>the</span> <span class='ocrx_word' id='word_1_309' title='bbox 1176 3629 1252 3678; x_wconf 81' lang='lat' dir='ltr'>deses</span> 
     </span>
     <span class='ocr_line' id='line_1_36' title="bbox 203 3703 1249 3768; baseline 0.003 -17"><span class='ocrx_word' id='word_1_310' title='bbox 203 3703 287 3759; x_wconf 87' lang='lat' dir='ltr'>bant,</span> <span class='ocrx_word' id='word_1_311' title='bbox 303 3704 482 3764; x_wconf 80' lang='lat' dir='ltr'>gaudebant</span> <span class='ocrx_word' id='word_1_312' title='bbox 500 3709 532 3753; x_wconf 87' lang='lat' dir='ltr'>et</span> <span class='ocrx_word' id='word_1_313' title='bbox 550 3706 717 3762; x_wconf 84' lang='lat' dir='ltr'>vocabant,</span> <span class='ocrx_word' id='word_1_314' title='bbox 740 3707 804 3755; x_wconf 92' lang='lat' dir='ltr'>does</span> <span class='ocrx_word' id='word_1_315' title='bbox 822 3713 869 3756; x_wconf 89' lang='lat' dir='ltr'>not</span> <span class='ocrx_word' id='word_1_316' title='bbox 887 3721 934 3755; x_wconf 88' lang='lat' dir='ltr'>use</span> <span class='ocrx_word' id='word_1_317' title='bbox 957 3708 1004 3755; x_wconf 84' lang='lat' dir='ltr'>the</span> <span class='ocrx_word' id='word_1_318' title='bbox 1021 3719 1123 3767; x_wconf 85' lang='lat' dir='ltr'>powers</span> <span class='ocrx_word' id='word_1_319' title='bbox 1140 3706 1174 3754; x_wconf 91' lang='lat' dir='ltr'>he</span> <span class='ocrx_word' id='word_1_320' title='bbox 1192 3705 1249 3768; x_wconf 87' lang='lat' dir='ltr'>has,</span> 
     </span>
     <span class='ocr_line' id='line_1_37' title="bbox 205 3778 1120 3848; baseline 0.001 -18"><span class='ocrx_word' id='word_1_321' title='bbox 205 3778 355 3848; x_wconf 64' lang='lat' dir='ltr'>(nihii-c:</span> <span class='ocrx_word' id='word_1_322' title='bbox 373 3795 416 3831; x_wconf 88' lang='lat' dir='ltr'>see</span> <span class='ocrx_word' id='word_1_323' title='bbox 428 3795 464 3838; x_wconf 87' lang='lat' dir='ltr'>on</span> <span class='ocrx_word' id='word_1_324' title='bbox 477 3781 513 3836; x_wconf 87' lang='lat' dir='ltr'>II.</span> <span class='ocrx_word' id='word_1_325' title='bbox 523 3781 568 3829; x_wconf 83' lang='grc'>14.</span> <span class='ocrx_word' id='word_1_326' title='bbox 586 3781 641 3840; x_wconf 76' lang='grc'><strong>4-7.</strong></span> <span class='ocrx_word' id='word_1_327' title='bbox 678 3782 718 3838; x_wconf 78' lang='lat' dir='ltr'>ad</span> <span class='ocrx_word' id='word_1_328' title='bbox 741 3783 787 3833; x_wconf 91' lang='lat' dir='ltr'>the</span> <span class='ocrx_word' id='word_1_329' title='bbox 801 3783 872 3834; x_wconf 81' lang='lat' dir='ltr'>iners</span> <span class='ocrx_word' id='word_1_330' title='bbox 885 3783 933 3833; x_wconf 88' lang='lat' dir='ltr'>has</span> <span class='ocrx_word' id='word_1_331' title='bbox 942 3796 1014 3833; x_wconf 89' lang='lat' dir='ltr'>uone</span> <span class='ocrx_word' id='word_1_332' title='bbox 1025 3788 1053 3834; x_wconf 88' lang='lat' dir='ltr'>to</span> <span class='ocrx_word' id='word_1_333' title='bbox 1065 3795 1120 3834; x_wconf 87' lang='lat' dir='ltr'>use.</span> 
     </span>
    </p>
   </div>
   <div class='ocr_carea' id='block_1_4' title="bbox 0 0 1344 4260">
    <p class='ocr_par' dir='ltr' id='par_1_4' title="bbox 0 0 1344 4260">
     <span class='ocr_line' id='line_1_38' title="bbox 0 0 1344 4260; baseline 0 1"><span class='ocrx_word' id='word_1_334' title='bbox 0 0 1344 4260; x_wconf 95' lang='lat' dir='ltr'> </span> 
     </span>
    </p>
   </div>
  </div>
 </body>
</html>
