2678 4260
137 261 200 331 574
298 351 301 358 Ι
397 280 470 332 rao
492 281 524 333 r.
549 279 670 333 sumo
692 280 838 331 mnonn
861 279 1011 333 omno.

135 465 164 511 aa
186 472 224 516 ac
251 473 319 516 non
347 450 437 518 iaces
464 452 564 529 urbis,
589 461 701 537 pestes
725 455 772 518 rei
795 452 959 537 publicae,
976 452 1083 518 fuerit
1107 453 1237 539 imposi-

188 563 285 620 turus
302 555 397 620 nobis
414 555 568 620 omnibus
584 565 685 640 atquc
703 556 901 620 inusturus?
945 555 1089 634 Exhibe,
1101 578 1234 642 quaeso,

188 658 290 725 Sexte
309 659 417 737 Clodi,
435 660 555 727 exhibe
580 661 754 725 librarium
782 659 868 723 illud
894 660 1010 746 legum
1037 667 1235 737 vestrarum,

190 763 283 849 quod
310 771 344 829 te
372 765 469 830 aiunt
495 766 656 849 eripuisse
681 787 698 829 e
726 764 824 828 domo
852 772 888 829 et
914 786 956 828 ex
987 762 1107 828 mediis
1138 765 1235 829 armis

188 867 354 952 turbaque
387 877 553 933 nocturna
580 877 751 953 tamquam
778 867 969 932 Palladium
999 868 1173 945 extulisse,
1199 876 1236 933 ut

135 986 165 1032 ao
186 973 394 1056 praeclarum
411 973 571 1038 videlicet
587 995 709 1037 munus
727 982 828 1057 atque
849 974 1113 1036 instrumentum
1136 972 1236 1037 tribu·

189 1084 288 1140 natus
319 1076 362 1140 ad
392 1077 549 1160 aliquem,
581 1078 610 1140 si
641 1086 760 1141 nactus
792 1098 891 1153 esses,
919 1077 979 1160 qui
1009 1082 1069 1140 tuo
1099 1075 1235 1142 arbitrio

188 1181 398 1245 tribunatum
427 1188 568 1267 gereret,
600 1180 730 1245 deferre
761 1203 885 1266 posses.
947 1179 993 1245 Et
1022 1180 1155 1264 aspexit
1185 1203 1235 1246 me

188 1285 257 1349 illis
282 1284 418 1368 quidem
444 1285 560 1360 oculis
578 1284 701 1369 quibus
728 1293 801 1349 tum
827 1284 965 1360 solebat,
982 1304 1060 1348 oum
1083 1283 1235 1349 omnibus

189 1390 299 1452 omnia
329 1388 529 1453 minabatur.
577 1388 696 1452 Movet
726 1411 777 1454 me
803 1390 928 1472 quippe
958 1387 1075 1456 lumen
1106 1387 1234 1453 euriae!

188 1508 270 1555 xm.
303 1490 423 1570 Quid?
461 1500 499 1556 tu
530 1514 581 1556 me
615 1491 675 1556 tibi
706 1493 839 1567 iratum,
868 1490 981 1568 Sexte,
1006 1497 1116 1576 putas,
1143 1493 1235 1557 cuius

189 1604 234 1661 tu·
255 1597 522 1660 inimicissimum
550 1597 658 1660 multo
687 1595 856 1661 crudelius
883 1596 984 1660 etiam
1011 1597 1169 1680 poenitus
1192 1618 1234 1673 es,

189 1721 290 1785 quam
314 1708 385 1764 erat
407 1701 625 1764 humanitatis
650 1722 741 1764 meae
766 1700 962 1784 postulare?
1008 1699 1062 1763 Tu
1082 1699 1122 1763 P.
1141 1699 1235 1765 Clodi

189 1811 368 1869 cruentum
414 1803 555 1868 cadaver
600 1805 727 1868 eiecisti
766 1803 873 1880 domo,
913 1810 953 1867 tu
990 1804 1026 1866 in
1064 1804 1236 1888 publicum

150 1907 347 1983 sabiecisti‚
379 1917 418 1971 tu
451 1908 632 1992 spoliatum
668 1907 878 1993 imaginibus
911 1908 1073 1993 exequiis,
1105 1930 1234 1995 pompa,

188 2010 391 2087 laudatione,
406 2011 645 2076 infelicissimis
669 2012 770 2097 lignis
793 2011 1041 2077 semustilatum
1065 2014 1235 2078 nocturnis

189 2116 328 2181 canibus
360 2115 591 2179 dilaniandum
623 2116 801 2200 reliquisti.
865 2115 988 2196 Quare,
1017 2117 1079 2181 etsi
1111 2116 1235 2183 nefarie

186 2220 307 2294 iecisti,
333 2227 454 2296 tamen,
480 2221 637 2303 quoniam
667 2220 701 2282 in
732 2241 806 2285 meo
837 2221 973 2284 inimico
1004 2219 1234 2286 crudelitatem

189 2319 425 2409 exprompsisti
455 2333 558 2399 tuam,
586 2323 722 2388 laudare
750 2346 818 2387 non
846 2346 992 2409 possum,
1019 2324 1118 2388 irasci
1149 2332 1235 2390 certe

137 2442 165 2487 10
187 2450 254 2492 non
270 2427 384 2493 debeo.

137 2538 177 2599 34
230 2531 395 2608 Audistis,
429 2532 566 2608 iudices
592 2540 759 2617 quantum
783 2532 881 2597 Clodi
907 2533 1100 2598 interfuerit
1132 2533 1235 2600 occidi

186 2733 286 2784 zeus?’
320 2733 415 2782 fuerit
426 2734 637 2794 impositurus,
651 2733 700 2782 ‘be
725 2739 785 2798 give
805 2754 820 2788 a
841 2739 921 2802 lively
932 2745 996 2788 tone
1015 2742 1044 2787 to
1063 2738 1111 2787 the
1129 2739 1233 2802 speech,

186 2810 1234 2879 mmmmmfflmmmssmmnmmmwmmmmm

187 2888 211 2936 ai
221 2886 320 2946 fectus
337 2890 405 2935 esset
426 2890 548 2946 praetor.
584 2887 637 2936 For
653 2888 700 2935 the
725 2892 814 2939 action
827 2892 856 2940 of
873 2893 972 2940 Sextus
984 2891 1083 2952 during
1102 2891 1149 2940 the
1167 2891 1233 2941 trial.

186 2962 349 3025 periphrasis
381 2963 424 3010 ior
454 2965 626 3022 apposuisset
657 2977 700 3011 see
724 2967 836 3015 Movet
845 2979 901 3024 me,
914 2967 1062 3028 etc.,‘The
1071 2965 1145 3029 glare
1154 2967 1183 3017 of
1191 2968 1235 3017 the

187 3053 222 3088 on
235 3039 301 3088 Sest.
317 3037 360 3085 62.
376 3040 413 3099 13,
427 3039 481 3087 and
495 3040 585 3088 notice
598 3039 658 3088 that
670 3054 700 3088 as
724 3043 842 3104 burning
870 3049 962 3092 senate
990 3043 1075 3091 house
1103 3042 1235 3106 frightens

187 3120 233 3168 the
250 3118 391 3181 participle
409 3118 477 3181 fully
496 3134 635 3181 expresses
653 3120 699 3168 the
724 3118 794 3177 mc;'
810 3118 930 3168 ironical.

186 3195 365 3256 contingency
377 3195 424 3244 the
436 3197 516 3245 mood
534 3197 563 3245 of
573 3195 664 3255 fuerit
678 3196 700 3245 is

187 3271 1235 3336 mmmmmfflmm-MmmmwmwQ

187 3349 254 3398 tion.
724 3349 758 3410 by
770 3349 912 3412 depriving
928 3350 985 3398 him
1000 3348 1053 3413 (see
1070 3364 1096 3412 p.
1111 3350 1153 3411 49,
1171 3348 1183 3406 ξ
1196 3349 1233 3410 89,

219 3424 1235 3487 mmfflmcMMoemmmmmmmmmme

187 3501 1236 3563 Qmffinmmmmmffiummmmw

187 3580 274 3641 image
286 3580 315 3626 oi
334 3579 421 3626 Pallas
434 3593 468 3627 on
483 3579 571 3626 which
583 3578 629 3626 the
642 3579 699 3626 dos-
710 3586 712 3641 ξ
723 3593 748 3639 p.
768 3580 807 3637 55,
828 3580 842 3638 ξ
862 3582 891 3626 12
908 3577 941 3627 ad
963 3578 1007 3627 fin.
1043 3577 1235 3627 laudatione:

187 3654 246 3715 tiny
265 3655 294 3703 oi
317 3654 388 3714 'l'roy
408 3654 557 3714 dcpended.
595 3655 634 3700 Et
653 3648 766 3700 arr-'see
795 3668 829 3701 on
856 3654 926 3701 Mur.
958 3653 1003 3700 75.
1035 3654 1071 3701 13.
1106 3652 1139 3700 in
1167 3663 1235 3700 meo

187 3710 1234 3791 mmmstwmmmwmmmmmwmmms

188 3805 260 3864 ruez’
288 3807 335 3864 tlte
352 3807 438 3863 words
456 3820 501 3863 are
519 3806 647 3863 intended
671 3812 699 3861 to
723 3805 766 3862 ior
777 3806 806 3854 in
817 3819 862 3863 see
873 3819 910 3862 on
921 3805 971 3862 IV.
985 3804 1030 3858 12.
1042 3805 1081 3862 32,
