<?xml version="1.0" encoding="UTF-8"?>
<!DOCTYPE html PUBLIC "-//W3C//DTD XHTML 1.0 Transitional//EN"
    "http://www.w3.org/TR/xhtml1/DTD/xhtml1-transitional.dtd">
<html xmlns="http://www.w3.org/1999/xhtml" xml:lang="en" lang="en">
 <head>
  <title>
</title>
<meta http-equiv="Content-Type" content="text/html;charset=utf-8" />
  <meta name='ocr-system' content='tesseract 3.04.00' />
  <meta name='ocr-capabilities' content='ocr_page ocr_carea ocr_par ocr_line ocrx_word'/>
</head>
<body>
  <div class='ocr_page' id='page_1' title='image "./selectedoration00cicegoog_0284.png"; bbox 0 0 2678 4260; ppageno 0'>
   <div class='ocr_carea' id='block_1_1' title="bbox 396 234 1178 341">
    <p class='ocr_par' dir='ltr' id='par_1_1' title="bbox 396 234 1178 341">
     <span class='ocr_line' id='line_1_1' title="bbox 396 234 1178 341; baseline 0.004 -11"><span class='ocrx_word' id='word_1_1' title='bbox 396 234 398 240; x_wconf 72' lang='grc'><strong>’</strong></span> <span class='ocrx_word' id='word_1_2' title='bbox 458 267 539 330; x_wconf 76' lang='lat' dir='ltr'><strong>cm.</strong></span> <span class='ocrx_word' id='word_1_3' title='bbox 564 271 619 336; x_wconf 78' lang='grc'><strong>61,</strong></span> <span class='ocrx_word' id='word_1_4' title='bbox 643 252 762 341; x_wconf 66' lang='lat' dir='ltr'>ena</span> <span class='ocrx_word' id='word_1_5' title='bbox 1115 256 1178 334; x_wconf 81' lang='grc'><strong>666</strong></span> 
     </span>
    </p>
   </div>
   <div class='ocr_carea' id='block_1_2' title="bbox 81 441 1199 1991">
    <p class='ocr_par' dir='ltr' id='par_1_2' title="bbox 81 441 1199 1991">
     <span class='ocr_line' id='line_1_2' title="bbox 82 441 1128 538; baseline 0.002 -24"><span class='ocrx_word' id='word_1_6' title='bbox 82 441 207 515; x_wconf 85' lang='lat' dir='ltr'>dixisse</span> <span class='ocrx_word' id='word_1_7' title='bbox 222 475 229 524; x_wconf 91' lang='grc'>;</span> <span class='ocrx_word' id='word_1_8' title='bbox 254 451 305 514; x_wconf 89' lang='lat' dir='ltr'><strong>sin</strong></span> <span class='ocrx_word' id='word_1_9' title='bbox 323 472 450 522; x_wconf 87' lang='lat' dir='ltr'>verum,</span> <span class='ocrx_word' id='word_1_10' title='bbox 467 472 534 514; x_wconf 96' lang='lat' dir='ltr'><strong>non</strong></span> <span class='ocrx_word' id='word_1_11' title='bbox 563 473 633 515; x_wconf 90' lang='lat' dir='ltr'>esse</span> <span class='ocrx_word' id='word_1_12' title='bbox 660 450 723 515; x_wconf 88' lang='lat' dir='ltr'>hoc</span> <span class='ocrx_word' id='word_1_13' title='bbox 750 471 898 538; x_wconf 84' lang='lat' dir='ltr'>regnare,</span> <span class='ocrx_word' id='word_1_14' title='bbox 916 470 993 515; x_wconf 87' lang='lat' dir='ltr'><strong>cum</strong></span> <span class='ocrx_word' id='word_1_15' title='bbox 1011 473 1128 516; x_wconf 90' lang='lat' dir='ltr'>verum</span> 
     </span>
     <span class='ocr_line' id='line_1_3' title="bbox 82 553 1127 640; baseline 0.004 -23"><span class='ocrx_word' id='word_1_16' title='bbox 82 555 211 618; x_wconf 87' lang='lat' dir='ltr'>iuratus</span> <span class='ocrx_word' id='word_1_17' title='bbox 244 554 345 631; x_wconf 86' lang='lat' dir='ltr'>dicas,</span> <span class='ocrx_word' id='word_1_18' title='bbox 374 553 521 639; x_wconf 89' lang='lat' dir='ltr'>probare.</span> <span class='ocrx_word' id='word_1_19' title='bbox 578 555 630 619; x_wconf 92' lang='lat' dir='ltr'>De</span> <span class='ocrx_word' id='word_1_20' title='bbox 661 555 762 620; x_wconf 87' lang='lat' dir='ltr'>huius</span> <span class='ocrx_word' id='word_1_21' title='bbox 792 577 851 640; x_wconf 87' lang='lat' dir='ltr'>spe</span> <span class='ocrx_word' id='word_1_22' title='bbox 882 562 1015 619; x_wconf 88' lang='lat' dir='ltr'>tantum</span> <span class='ocrx_word' id='word_1_23' title='bbox 1042 555 1127 634; x_wconf 86' lang='lat' dir='ltr'>dioc,</span> 
     </span>
     <span class='ocr_line' id='line_1_4' title="bbox 82 657 1129 743; baseline 0.003 -23"><span class='ocrx_word' id='word_1_24' title='bbox 82 659 193 722; x_wconf 88' lang='lat' dir='ltr'>nullas</span> <span class='ocrx_word' id='word_1_25' title='bbox 222 680 241 721; x_wconf 86' lang='lat' dir='ltr'>a</span> <span class='ocrx_word' id='word_1_26' title='bbox 265 680 318 723; x_wconf 92' lang='lat' dir='ltr'>me</span> <span class='ocrx_word' id='word_1_27' title='bbox 347 679 425 742; x_wconf 89' lang='lat' dir='ltr'>opes</span> <span class='ocrx_word' id='word_1_28' title='bbox 454 657 492 720; x_wconf 93' lang='lat' dir='ltr'><strong>P.</strong></span> <span class='ocrx_word' id='word_1_29' title='bbox 510 657 649 734; x_wconf 83' lang='lat' dir='ltr'>Sullam,</span> <span class='ocrx_word' id='word_1_30' title='bbox 667 658 795 723; x_wconf 88' lang='lat' dir='ltr'>nullam</span> <span class='ocrx_word' id='word_1_31' title='bbox 823 658 1019 743; x_wconf 86' lang='lat' dir='ltr'>potentiam,</span> <span class='ocrx_word' id='word_1_32' title='bbox 1043 659 1129 723; x_wconf 89' lang='lat' dir='ltr'>nihil</span> 
     </span>
     <span class='ocr_line' id='line_1_5' title="bbox 81 761 1180 847; baseline 0.005 -23"><span class='ocrx_word' id='word_1_33' title='bbox 81 761 228 845; x_wconf 91' lang='lat' dir='ltr'>denique</span> <span class='ocrx_word' id='word_1_34' title='bbox 259 769 390 846; x_wconf 85' lang='lat' dir='ltr'>praeter</span> <span class='ocrx_word' id='word_1_35' title='bbox 421 761 520 826; x_wconf 87' lang='lat' dir='ltr'><strong>fidem</strong></span> <span class='ocrx_word' id='word_1_36' title='bbox 551 761 757 826; x_wconf 83' lang='lat' dir='ltr'>defensionis</span> <span class='ocrx_word' id='word_1_37' title='bbox 789 769 978 847; x_wconf 85' lang='lat' dir='ltr'>expectare.</span> <span class='ocrx_word' id='word_1_38' title='bbox 1033 762 1127 828; x_wconf 84' lang='lat' dir='ltr'>‘Nisi</span> <span class='ocrx_word' id='word_1_39' title='bbox 1140 768 1180 830; x_wconf 82' lang='lat'><strong>22</strong></span> 
     </span>
     <span class='ocr_line' id='line_1_6' title="bbox 82 864 1180 950; baseline 0.004 -22"><span class='ocrx_word' id='word_1_40' title='bbox 82 864 143 940; x_wconf 88' lang='grc'><strong>66,’</strong></span> <span class='ocrx_word' id='word_1_41' title='bbox 171 866 293 949; x_wconf 92' lang='lat' dir='ltr'>inquit,</span> <span class='ocrx_word' id='word_1_42' title='bbox 323 867 694 950; x_wconf 71' lang='grc' dir='ltr'><strong>ι66666161666616666,</strong></span> <span class='ocrx_word' id='word_1_43' title='bbox 720 887 904 950; x_wconf 86' lang='lat' dir='ltr'>numquam</span> <span class='ocrx_word' id='word_1_44' title='bbox 932 865 1013 930; x_wconf 90' lang='lat' dir='ltr'>mihi</span> <span class='ocrx_word' id='word_1_45' title='bbox 1036 868 1129 932; x_wconf 89' lang='lat' dir='ltr'>resti·</span> <span class='ocrx_word' id='word_1_46' title='bbox 1152 888 1180 932; x_wconf 88' lang='grc'><strong>16</strong></span> 
     </span>
     <span class='ocr_line' id='line_1_7' title="bbox 81 967 1127 1055; baseline 0.005 -24"><span class='ocrx_word' id='word_1_47' title='bbox 81 969 189 1044; x_wconf 84' lang='grc'><strong>616666,</strong></span> <span class='ocrx_word' id='word_1_48' title='bbox 205 968 266 1034; x_wconf 88' lang='lat' dir='ltr'><strong>sed</strong></span> <span class='ocrx_word' id='word_1_49' title='bbox 282 969 410 1033; x_wconf 88' lang='lat' dir='ltr'>indicta</span> <span class='ocrx_word' id='word_1_50' title='bbox 428 989 528 1033; x_wconf 88' lang='lat' dir='ltr'>causa</span> <span class='ocrx_word' id='word_1_51' title='bbox 551 967 777 1055; x_wconf 64' lang='lat' dir='ltr'>profugisset!</span> <span class='ocrx_word' id='word_1_52' title='bbox 824 968 860 1033; x_wconf 91' lang='lat' dir='ltr'><strong>Si</strong></span> <span class='ocrx_word' id='word_1_53' title='bbox 887 971 951 1033; x_wconf 85' lang='lat' dir='ltr'><strong>iam</strong></span> <span class='ocrx_word' id='word_1_54' title='bbox 980 968 1042 1034; x_wconf 91' lang='lat' dir='ltr'>tibi</span> <span class='ocrx_word' id='word_1_55' title='bbox 1065 969 1127 1036; x_wconf 88' lang='lat' dir='ltr'>hoc</span> 
     </span>
     <span class='ocr_line' id='line_1_8' title="bbox 82 1072 1127 1159; baseline 0.002 -23"><span class='ocrx_word' id='word_1_56' title='bbox 82 1072 271 1148; x_wconf 81' lang='lat' dir='ltr'>concedam,</span> <span class='ocrx_word' id='word_1_57' title='bbox 301 1072 342 1151; x_wconf 84' lang='lat' dir='ltr'>Q.</span> <span class='ocrx_word' id='word_1_58' title='bbox 372 1072 605 1148; x_wconf 77' lang='lat' dir='ltr'><strong>Hortensium,</strong></span> <span class='ocrx_word' id='word_1_59' title='bbox 634 1080 729 1136; x_wconf 89' lang='lat' dir='ltr'>tanta</span> <span class='ocrx_word' id='word_1_60' title='bbox 756 1073 921 1159; x_wconf 87' lang='lat' dir='ltr'>gravitate</span> <span class='ocrx_word' id='word_1_61' title='bbox 949 1073 1127 1151; x_wconf 91' lang='lat' dir='ltr'>hominem,</span> 
     </span>
     <span class='ocr_line' id='line_1_9' title="bbox 81 1171 1127 1253; baseline 0.002 -14"><span class='ocrx_word' id='word_1_62' title='bbox 81 1176 120 1252; x_wconf 91' lang='lat' dir='ltr'><strong>si,</strong></span> <span class='ocrx_word' id='word_1_63' title='bbox 141 1175 200 1240; x_wconf 94' lang='lat' dir='ltr'><strong>hos</strong></span> <span class='ocrx_word' id='word_1_64' title='bbox 228 1176 312 1240; x_wconf 88' lang='lat' dir='ltr'>tales</span> <span class='ocrx_word' id='word_1_65' title='bbox 329 1176 417 1240; x_wconf 89' lang='lat' dir='ltr'>viros</span> <span class='ocrx_word' id='word_1_66' title='bbox 447 1197 514 1241; x_wconf 91' lang='lat' dir='ltr'><strong>non</strong></span> <span class='ocrx_word' id='word_1_67' title='bbox 541 1197 602 1239; x_wconf 93' lang='lat' dir='ltr'><strong>suo</strong></span> <span class='ocrx_word' id='word_1_68' title='bbox 623 1171 715 1240; x_wconf 79' lang='lat' dir='ltr'>&#39;stare</span> <span class='ocrx_word' id='word_1_69' title='bbox 744 1175 878 1253; x_wconf 88' lang='lat' dir='ltr'>iudicio,</span> <span class='ocrx_word' id='word_1_70' title='bbox 896 1176 956 1241; x_wconf 90' lang='lat' dir='ltr'><strong>sed</strong></span> <span class='ocrx_word' id='word_1_71' title='bbox 983 1199 1075 1253; x_wconf 90' lang='lat' dir='ltr'>meo;</span> <span class='ocrx_word' id='word_1_72' title='bbox 1099 1179 1127 1244; x_wconf 87' lang='lat' dir='ltr'><strong>si</strong></span> 
     </span>
     <span class='ocr_line' id='line_1_10' title="bbox 82 1278 1181 1368; baseline 0 -26"><span class='ocrx_word' id='word_1_73' title='bbox 82 1278 144 1344; x_wconf 90' lang='lat' dir='ltr'>hoc</span> <span class='ocrx_word' id='word_1_74' title='bbox 172 1279 232 1344; x_wconf 90' lang='lat' dir='ltr'>tibi</span> <span class='ocrx_word' id='word_1_75' title='bbox 266 1280 351 1356; x_wconf 90' lang='lat' dir='ltr'>dem,</span> <span class='ocrx_word' id='word_1_76' title='bbox 381 1279 472 1364; x_wconf 87' lang='lat' dir='ltr'>quod</span> <span class='ocrx_word' id='word_1_77' title='bbox 503 1279 594 1344; x_wconf 89' lang='lat' dir='ltr'>credi</span> <span class='ocrx_word' id='word_1_78' title='bbox 625 1301 692 1344; x_wconf 92' lang='lat' dir='ltr'><strong>non</strong></span> <span class='ocrx_word' id='word_1_79' title='bbox 719 1288 839 1364; x_wconf 88' lang='lat' dir='ltr'>potest,</span> <span class='ocrx_word' id='word_1_80' title='bbox 869 1282 934 1345; x_wconf 86' lang='lat' dir='ltr'>nisi</span> <span class='ocrx_word' id='word_1_81' title='bbox 961 1303 1023 1368; x_wconf 87' lang='lat' dir='ltr'>ego</span> <span class='ocrx_word' id='word_1_82' title='bbox 1049 1281 1128 1348; x_wconf 90' lang='lat' dir='ltr'>huic</span> <span class='ocrx_word' id='word_1_83' title='bbox 1151 1295 1181 1342; x_wconf 81' lang='lat' dir='ltr'>ao</span> 
     </span>
     <span class='ocr_line' id='line_1_11' title="bbox 81 1382 1128 1461; baseline 0.005 -15"><span class='ocrx_word' id='word_1_84' title='bbox 81 1383 242 1460; x_wconf 82' lang='lat' dir='ltr'>adessem,</span> <span class='ocrx_word' id='word_1_85' title='bbox 270 1383 331 1448; x_wconf 90' lang='lat' dir='ltr'><strong>hos</strong></span> <span class='ocrx_word' id='word_1_86' title='bbox 361 1382 540 1448; x_wconf 85' lang='lat' dir='ltr'>adfuturos</span> <span class='ocrx_word' id='word_1_87' title='bbox 566 1405 634 1448; x_wconf 91' lang='lat' dir='ltr'><strong>non</strong></span> <span class='ocrx_word' id='word_1_88' title='bbox 661 1383 776 1461; x_wconf 89' lang='lat' dir='ltr'>fuisse,</span> <span class='ocrx_word' id='word_1_89' title='bbox 804 1392 881 1449; x_wconf 90' lang='lat' dir='ltr'>uter</span> <span class='ocrx_word' id='word_1_90' title='bbox 907 1385 1043 1450; x_wconf 90' lang='lat' dir='ltr'>tandem</span> <span class='ocrx_word' id='word_1_91' title='bbox 1068 1408 1128 1451; x_wconf 90' lang='lat' dir='ltr'>rex</span> 
     </span>
     <span class='ocr_line' id='line_1_12' title="bbox 81 1486 1199 1568; baseline 0.001 -16"><span class='ocrx_word' id='word_1_92' title='bbox 81 1495 142 1564; x_wconf 89' lang='lat' dir='ltr'>est,</span> <span class='ocrx_word' id='word_1_93' title='bbox 160 1488 241 1563; x_wconf 92' lang='lat' dir='ltr'>isne,</span> <span class='ocrx_word' id='word_1_94' title='bbox 264 1489 318 1552; x_wconf 92' lang='lat' dir='ltr'><strong>cui</strong></span> <span class='ocrx_word' id='word_1_95' title='bbox 347 1488 544 1552; x_wconf 90' lang='lat' dir='ltr'>innocentes</span> <span class='ocrx_word' id='word_1_96' title='bbox 573 1486 724 1552; x_wconf 91' lang='lat' dir='ltr'>homines</span> <span class='ocrx_word' id='word_1_97' title='bbox 752 1509 819 1552; x_wconf 92' lang='lat' dir='ltr'><strong>non</strong></span> <span class='ocrx_word' id='word_1_98' title='bbox 835 1489 1007 1563; x_wconf 86' lang='lat' dir='ltr'>resistunt,</span> <span class='ocrx_word' id='word_1_99' title='bbox 1023 1510 1067 1553; x_wconf 90' lang='lat' dir='ltr'>an</span> <span class='ocrx_word' id='word_1_100' title='bbox 1090 1491 1127 1568; x_wconf 91' lang='lat' dir='ltr'><strong>is,</strong></span> <span class='ocrx_word' id='word_1_101' title='bbox 1196 1524 1199 1528; x_wconf 20' lang='grc' dir='ltr'><strong><em>ι</em></strong></span> 
     </span>
     <span class='ocr_line' id='line_1_13' title="bbox 81 1591 1128 1678; baseline 0.003 -23"><span class='ocrx_word' id='word_1_102' title='bbox 81 1593 140 1677; x_wconf 93' lang='lat' dir='ltr'><strong>qui</strong></span> <span class='ocrx_word' id='word_1_103' title='bbox 163 1593 373 1656; x_wconf 84' lang='lat' dir='ltr'>calamitosos</span> <span class='ocrx_word' id='word_1_104' title='bbox 401 1613 468 1655; x_wconf 92' lang='lat' dir='ltr'><strong>non</strong></span> <span class='ocrx_word' id='word_1_105' title='bbox 496 1591 644 1656; x_wconf 86' lang='lat' dir='ltr'>deserit?</span> <span class='ocrx_word' id='word_1_106' title='bbox 689 1591 741 1656; x_wconf 89' lang='lat' dir='ltr'>At</span> <span class='ocrx_word' id='word_1_107' title='bbox 765 1591 820 1656; x_wconf 92' lang='lat' dir='ltr'><strong>hio</strong></span> <span class='ocrx_word' id='word_1_108' title='bbox 848 1593 959 1667; x_wconf 88' lang='lat' dir='ltr'>etiam,</span> <span class='ocrx_word' id='word_1_109' title='bbox 976 1592 1012 1657; x_wconf 91' lang='lat' dir='ltr'><strong>id</strong></span> <span class='ocrx_word' id='word_1_110' title='bbox 1036 1593 1128 1678; x_wconf 92' lang='lat' dir='ltr'>quod</span> 
     </span>
     <span class='ocr_line' id='line_1_14' title="bbox 81 1694 1128 1786; baseline 0.002 -27"><span class='ocrx_word' id='word_1_111' title='bbox 81 1694 143 1759; x_wconf 91' lang='lat' dir='ltr'>tibi</span> <span class='ocrx_word' id='word_1_112' title='bbox 171 1717 304 1761; x_wconf 87' lang='lat' dir='ltr'>necesse</span> <span class='ocrx_word' id='word_1_113' title='bbox 338 1696 474 1760; x_wconf 91' lang='lat' dir='ltr'>minime</span> <span class='ocrx_word' id='word_1_114' title='bbox 505 1694 583 1771; x_wconf 89' lang='lat' dir='ltr'>fuit,</span> <span class='ocrx_word' id='word_1_115' title='bbox 611 1695 742 1761; x_wconf 77' lang='lat' dir='ltr'>facetus</span> <span class='ocrx_word' id='word_1_116' title='bbox 770 1717 846 1786; x_wconf 89' lang='lat' dir='ltr'>esse</span> <span class='ocrx_word' id='word_1_117' title='bbox 876 1696 1024 1773; x_wconf 87' lang='lat' dir='ltr'>voluisti,</span> <span class='ocrx_word' id='word_1_118' title='bbox 1051 1719 1128 1762; x_wconf 91' lang='lat' dir='ltr'>cnm</span> 
     </span>
     <span class='ocr_line' id='line_1_15' title="bbox 82 1798 1180 1886; baseline 0.003 -25"><span class='ocrx_word' id='word_1_119' title='bbox 82 1798 307 1884; x_wconf 85' lang='lat' dir='ltr'>Tarquinium</span> <span class='ocrx_word' id='word_1_120' title='bbox 338 1808 373 1864; x_wconf 89' lang='lat' dir='ltr'><strong>et</strong></span> <span class='ocrx_word' id='word_1_121' title='bbox 403 1799 549 1862; x_wconf 90' lang='lat' dir='ltr'>Numam</span> <span class='ocrx_word' id='word_1_122' title='bbox 581 1808 616 1864; x_wconf 90' lang='grc'><strong>66</strong></span> <span class='ocrx_word' id='word_1_123' title='bbox 647 1821 699 1864; x_wconf 90' lang='lat' dir='ltr'>me</span> <span class='ocrx_word' id='word_1_124' title='bbox 738 1801 876 1865; x_wconf 89' lang='lat' dir='ltr'>tertium</span> <span class='ocrx_word' id='word_1_125' title='bbox 914 1802 1129 1886; x_wconf 85' lang='lat' dir='ltr'>peregrinum</span> <span class='ocrx_word' id='word_1_126' title='bbox 1150 1817 1180 1864; x_wconf 80' lang='grc'><strong>66</strong></span> 
     </span>
     <span class='ocr_line' id='line_1_16' title="bbox 81 1903 1128 1991; baseline 0.004 -25"><span class='ocrx_word' id='word_1_127' title='bbox 81 1924 194 1989; x_wconf 90' lang='lat' dir='ltr'>regem</span> <span class='ocrx_word' id='word_1_128' title='bbox 232 1925 304 1968; x_wconf 88' lang='lat' dir='ltr'>esse</span> <span class='ocrx_word' id='word_1_129' title='bbox 337 1903 463 1970; x_wconf 75' lang='lat' dir='ltr'>dixisti.</span> <span class='ocrx_word' id='word_1_130' title='bbox 513 1904 615 1968; x_wconf 92' lang='lat' dir='ltr'>Mitto</span> <span class='ocrx_word' id='word_1_131' title='bbox 651 1906 717 1968; x_wconf 89' lang='lat' dir='ltr'><strong>iam</strong></span> <span class='ocrx_word' id='word_1_132' title='bbox 751 1904 793 1969; x_wconf 89' lang='lat' dir='ltr'><strong>de</strong></span> <span class='ocrx_word' id='word_1_133' title='bbox 830 1926 909 1991; x_wconf 88' lang='lat' dir='ltr'>rege</span> <span class='ocrx_word' id='word_1_134' title='bbox 946 1927 1128 1990; x_wconf 83' lang='lat' dir='ltr'>quaerere3</span> 
     </span>
    </p>
   </div>
   <div class='ocr_carea' id='block_1_3' title="bbox 80 2113 1127 3864">
    <p class='ocr_par' dir='ltr' id='par_1_3' title="bbox 80 2113 1127 3097">
     <span class='ocr_line' id='line_1_17' title="bbox 112 2113 1125 2178; baseline 0.003 -15"><span class='ocrx_word' id='word_1_135' title='bbox 112 2113 213 2163; x_wconf 80' lang='grc'><strong>13-15.</strong></span> <span class='ocrx_word' id='word_1_136' title='bbox 247 2115 387 2176; x_wconf 83' lang='lat' dir='ltr'>probare,</span> <span class='ocrx_word' id='word_1_137' title='bbox 413 2114 457 2164; x_wconf 89' lang='lat' dir='ltr'>‘to</span> <span class='ocrx_word' id='word_1_138' title='bbox 488 2114 592 2178; x_wconf 88' lang='lat' dir='ltr'>compel</span> <span class='ocrx_word' id='word_1_139' title='bbox 614 2115 674 2166; x_wconf 88' lang='lat' dir='ltr'>allel</span> <span class='ocrx_word' id='word_1_140' title='bbox 685 2117 751 2165; x_wconf 86' lang='lat' dir='ltr'>with</span> <span class='ocrx_word' id='word_1_141' title='bbox 760 2118 784 2166; x_wconf 85' lang='grc'><strong>66</strong></span> <span class='ocrx_word' id='word_1_142' title='bbox 802 2153 808 2166; x_wconf 95' lang='lat'>.</span> <span class='ocrx_word' id='word_1_143' title='bbox 829 2153 836 2166; x_wconf 91' lang='lat'>.</span> <span class='ocrx_word' id='word_1_144' title='bbox 856 2117 1022 2168; x_wconf 80' lang='grc'><strong>.666666616</strong></span> <span class='ocrx_word' id='word_1_145' title='bbox 1032 2117 1125 2177; x_wconf 87' lang='lat' dir='ltr'>above,</span> 
     </span>
     <span class='ocr_line' id='line_1_18' title="bbox 80 2190 1126 2256; baseline 0.003 -16"><span class='ocrx_word' id='word_1_146' title='bbox 80 2190 181 2253; x_wconf 85' lang='lat' dir='ltr'>beliei‚’</span> <span class='ocrx_word' id='word_1_147' title='bbox 197 2192 302 2254; x_wconf 87' lang='lat' dir='ltr'>subject</span> <span class='ocrx_word' id='word_1_148' title='bbox 322 2193 351 2241; x_wconf 82' lang='lat' dir='ltr'><strong>oi</strong></span> <span class='ocrx_word' id='word_1_149' title='bbox 369 2206 434 2254; x_wconf 84' lang='grc'><strong>6666,</strong></span> <span class='ocrx_word' id='word_1_150' title='bbox 450 2192 516 2240; x_wconf 85' lang='lat' dir='ltr'>with</span> <span class='ocrx_word' id='word_1_151' title='bbox 535 2206 594 2252; x_wconf 77' lang='lat' dir='ltr'>rep·</span> <span class='ocrx_word' id='word_1_152' title='bbox 614 2193 661 2241; x_wconf 91' lang='lat' dir='ltr'><strong>the</strong></span> <span class='ocrx_word' id='word_1_153' title='bbox 669 2207 800 2255; x_wconf 82' lang='lat' dir='ltr'>synonym</span> <span class='ocrx_word' id='word_1_154' title='bbox 812 2193 891 2256; x_wconf 89' lang='lat' dir='ltr'>being</span> <span class='ocrx_word' id='word_1_155' title='bbox 900 2194 964 2243; x_wconf 88' lang='lat' dir='ltr'>used</span> <span class='ocrx_word' id='word_1_156' title='bbox 976 2192 1074 2255; x_wconf 85' lang='lat' dir='ltr'>merely</span> <span class='ocrx_word' id='word_1_157' title='bbox 1082 2194 1126 2243; x_wconf 85' lang='lat' dir='ltr'><strong>ior</strong></span> 
     </span>
     <span class='ocr_line' id='line_1_19' title="bbox 80 2268 1126 2332; baseline 0.003 -16"><span class='ocrx_word' id='word_1_158' title='bbox 80 2281 147 2316; x_wconf 85' lang='lat' dir='ltr'>nure</span> <span class='ocrx_word' id='word_1_159' title='bbox 165 2282 195 2317; x_wconf 90' lang='grc'><strong>66</strong></span> <span class='ocrx_word' id='word_1_160' title='bbox 213 2270 357 2331; x_wconf 87' lang='lat' dir='ltr'>predicate,</span> <span class='ocrx_word' id='word_1_161' title='bbox 372 2268 463 2317; x_wconf 89' lang='lat' dir='ltr'>rather</span> <span class='ocrx_word' id='word_1_162' title='bbox 480 2283 496 2316; x_wconf 87' lang='lat' dir='ltr'>a</span> <span class='ocrx_word' id='word_1_163' title='bbox 515 2282 593 2330; x_wconf 91' lang='lat' dir='ltr'>pecu·</span> <span class='ocrx_word' id='word_1_164' title='bbox 614 2270 723 2332; x_wconf 88' lang='lat' dir='ltr'>variety.</span> <span class='ocrx_word' id='word_1_165' title='bbox 760 2269 859 2319; x_wconf 83' lang='lat' dir='ltr'>credi:</span> <span class='ocrx_word' id='word_1_166' title='bbox 881 2271 969 2318; x_wconf 84' lang='lat' dir='ltr'>notice</span> <span class='ocrx_word' id='word_1_167' title='bbox 990 2271 1050 2318; x_wconf 88' lang='lat' dir='ltr'>that</span> <span class='ocrx_word' id='word_1_168' title='bbox 1071 2283 1126 2319; x_wconf 86' lang='lat' dir='ltr'>cre·</span> 
     </span>
     <span class='ocr_line' id='line_1_20' title="bbox 81 2343 1127 2395; baseline 0.003 -3"><span class='ocrx_word' id='word_1_169' title='bbox 81 2343 130 2393; x_wconf 88' lang='lat' dir='ltr'>liar</span> <span class='ocrx_word' id='word_1_170' title='bbox 158 2346 344 2394; x_wconf 87' lang='lat' dir='ltr'>combination</span> <span class='ocrx_word' id='word_1_171' title='bbox 375 2345 404 2393; x_wconf 87' lang='lat' dir='ltr'><strong>oi</strong></span> <span class='ocrx_word' id='word_1_172' title='bbox 434 2345 591 2393; x_wconf 86' lang='lat' dir='ltr'>infinitives.</span> <span class='ocrx_word' id='word_1_173' title='bbox 614 2346 677 2394; x_wconf 86' lang='lat' dir='ltr'>dere</span> <span class='ocrx_word' id='word_1_174' title='bbox 697 2347 774 2395; x_wconf 90' lang='lat' dir='ltr'>takes</span> <span class='ocrx_word' id='word_1_175' title='bbox 796 2360 832 2395; x_wconf 91' lang='lat' dir='ltr'>an</span> <span class='ocrx_word' id='word_1_176' title='bbox 855 2346 1007 2394; x_wconf 82' lang='lat' dir='ltr'>accusative</span> <span class='ocrx_word' id='word_1_177' title='bbox 1030 2346 1059 2394; x_wconf 92' lang='grc'><strong>61</strong></span> <span class='ocrx_word' id='word_1_178' title='bbox 1080 2346 1127 2395; x_wconf 89' lang='grc'><strong>6116</strong></span> 
     </span>
     <span class='ocr_line' id='line_1_21' title="bbox 80 2420 1125 2484; baseline 0.002 -16"><span class='ocrx_word' id='word_1_179' title='bbox 80 2420 207 2470; x_wconf 81' lang='lat' dir='ltr'>huius:</span> <span class='ocrx_word' id='word_1_180' title='bbox 221 2422 321 2471; x_wconf 82' lang='lat' dir='ltr'>Sullae.</span> <span class='ocrx_word' id='word_1_181' title='bbox 353 2424 482 2476; x_wconf 84' lang='grc'><strong>6666616,</strong></span> <span class='ocrx_word' id='word_1_182' title='bbox 506 2435 536 2470; x_wconf 91' lang='lat' dir='ltr'>as</span> <span class='ocrx_word' id='word_1_183' title='bbox 565 2422 593 2469; x_wconf 92' lang='lat' dir='ltr'><strong>in</strong></span> <span class='ocrx_word' id='word_1_184' title='bbox 614 2423 701 2484; x_wconf 86' lang='lat' dir='ltr'>thing,</span> <span class='ocrx_word' id='word_1_185' title='bbox 715 2423 768 2471; x_wconf 91' lang='lat' dir='ltr'><strong>and</strong></span> <span class='ocrx_word' id='word_1_186' title='bbox 789 2423 820 2483; x_wconf 91' lang='lat' dir='ltr'><strong>is,</strong></span> <span class='ocrx_word' id='word_1_187' title='bbox 839 2422 982 2482; x_wconf 79' lang='lat' dir='ltr'>therefore,</span> <span class='ocrx_word' id='word_1_188' title='bbox 1003 2421 1125 2484; x_wconf 85' lang='lat' dir='ltr'>personui</span> 
     </span>
     <span class='ocr_line' id='line_1_22' title="bbox 80 2496 1127 2560; baseline 0.002 -16"><span class='ocrx_word' id='word_1_189' title='bbox 80 2496 133 2545; x_wconf 87' lang='grc' dir='ltr'><strong>ΙΙΙ.</strong></span> <span class='ocrx_word' id='word_1_190' title='bbox 159 2497 203 2545; x_wconf 83' lang='grc'><strong>25.</strong></span> <span class='ocrx_word' id='word_1_191' title='bbox 222 2496 261 2547; x_wconf 76' lang='lat'>37.</span> <span class='ocrx_word' id='word_1_192' title='bbox 304 2508 387 2557; x_wconf 79' lang='lat' dir='ltr'>opes,</span> <span class='ocrx_word' id='word_1_193' title='bbox 406 2496 594 2557; x_wconf 85' lang='lat' dir='ltr'>potentiam:</span> <span class='ocrx_word' id='word_1_194' title='bbox 614 2498 685 2547; x_wconf 88' lang='lat' dir='ltr'>here.</span> <span class='ocrx_word' id='word_1_195' title='bbox 712 2498 1127 2560; x_wconf 83' lang='lat' dir='ltr'>Forconstructionwithaper·</span> 
     </span>
     <span class='ocr_line' id='line_1_23' title="bbox 80 2572 1126 2634; baseline -0.001 -13"><span class='ocrx_word' id='word_1_196' title='bbox 80 2573 127 2623; x_wconf 91' lang='grc'><strong>6116</strong></span> <span class='ocrx_word' id='word_1_197' title='bbox 147 2574 249 2623; x_wconf 86' lang='lat' dir='ltr'>former</span> <span class='ocrx_word' id='word_1_198' title='bbox 269 2574 318 2623; x_wconf 86' lang='lat' dir='ltr'>has</span> <span class='ocrx_word' id='word_1_199' title='bbox 337 2574 384 2622; x_wconf 89' lang='lat' dir='ltr'><strong>the</strong></span> <span class='ocrx_word' id='word_1_200' title='bbox 403 2572 485 2621; x_wconf 89' lang='lat' dir='ltr'>vvider</span> <span class='ocrx_word' id='word_1_201' title='bbox 504 2586 592 2634; x_wconf 87' lang='lat' dir='ltr'>scope,</span> <span class='ocrx_word' id='word_1_202' title='bbox 614 2588 662 2623; x_wconf 92' lang='lat' dir='ltr'><strong>son</strong></span> <span class='ocrx_word' id='word_1_203' title='bbox 672 2576 707 2623; x_wconf 91' lang='grc'><strong>61.</strong></span> <span class='ocrx_word' id='word_1_204' title='bbox 720 2575 741 2623; x_wconf 94' lang='lat' dir='ltr'>I.</span> <span class='ocrx_word' id='word_1_205' title='bbox 753 2573 778 2622; x_wconf 83' lang='grc'><strong>6.</strong></span> <span class='ocrx_word' id='word_1_206' title='bbox 786 2576 810 2624; x_wconf 84' lang='grc'><strong>5.</strong></span> <span class='ocrx_word' id='word_1_207' title='bbox 840 2573 1126 2623; x_wconf 76' lang='grc'><strong>6616661661616661</strong></span> 
     </span>
     <span class='ocr_line' id='line_1_24' title="bbox 81 2648 1125 2711; baseline 0.002 -14"><span class='ocrx_word' id='word_1_208' title='bbox 81 2648 219 2711; x_wconf 84' lang='lat' dir='ltr'>including</span> <span class='ocrx_word' id='word_1_209' title='bbox 248 2649 295 2698; x_wconf 91' lang='grc'><strong>6116</strong></span> <span class='ocrx_word' id='word_1_210' title='bbox 325 2663 372 2698; x_wconf 91' lang='grc'><strong>666</strong></span> <span class='ocrx_word' id='word_1_211' title='bbox 400 2649 430 2698; x_wconf 86' lang='grc'><strong>61</strong></span> <span class='ocrx_word' id='word_1_212' title='bbox 453 2663 532 2710; x_wconf 83' lang='lat' dir='ltr'>every</span> <span class='ocrx_word' id='word_1_213' title='bbox 555 2648 1125 2711; x_wconf 75' lang='grc' dir='ltr'><strong>16-1616116161111,Α.33”16,2;6.699,</strong></span> 
     </span>
     <span class='ocr_line' id='line_1_25' title="bbox 80 2724 1122 2791; baseline 0.006 -17"><span class='ocrx_word' id='word_1_214' title='bbox 80 2727 215 2776; x_wconf 85' lang='grc'><strong>66616661</strong></span> <span class='ocrx_word' id='word_1_215' title='bbox 228 2725 325 2775; x_wconf 85' lang='lat' dir='ltr'>wealth</span> <span class='ocrx_word' id='word_1_216' title='bbox 338 2725 390 2774; x_wconf 86' lang='lat' dir='ltr'><strong>and</strong></span> <span class='ocrx_word' id='word_1_217' title='bbox 404 2725 535 2787; x_wconf 81' lang='lat' dir='ltr'>position3</span> <span class='ocrx_word' id='word_1_218' title='bbox 548 2725 594 2773; x_wconf 90' lang='lat' dir='ltr'><strong>the</strong></span> <span class='ocrx_word' id='word_1_219' title='bbox 615 2726 689 2776; x_wconf 84' lang='lat' dir='ltr'>Rem.</span> <span class='ocrx_word' id='word_1_220' title='bbox 703 2729 731 2784; x_wconf 71' lang='lat'><strong>43</strong></span> <span class='ocrx_word' id='word_1_221' title='bbox 751 2727 787 2776; x_wconf 91' lang='lat' dir='ltr'>H.</span> <span class='ocrx_word' id='word_1_222' title='bbox 800 2726 856 2786; x_wconf 78' lang='grc'><strong>521,</strong></span> <span class='ocrx_word' id='word_1_223' title='bbox 871 2727 938 2785; x_wconf 85' lang='grc'><strong>111.;</strong></span> <span class='ocrx_word' id='word_1_224' title='bbox 952 2724 982 2778; x_wconf 94' lang='lat' dir='ltr'>B.</span> <span class='ocrx_word' id='word_1_225' title='bbox 995 2726 1042 2778; x_wconf 86' lang='grc'><strong>321</strong></span> <span class='ocrx_word' id='word_1_226' title='bbox 1056 2727 1122 2791; x_wconf 86' lang='grc'><strong>26).</strong></span> 
     </span>
     <span class='ocr_line' id='line_1_26' title="bbox 81 2792 1127 2865; baseline 0.001 -16"><span class='ocrx_word' id='word_1_227' title='bbox 81 2801 202 2852; x_wconf 86' lang='grc'><strong>16666116</strong></span> <span class='ocrx_word' id='word_1_228' title='bbox 224 2802 329 2851; x_wconf 84' lang='grc'><strong>11161666</strong></span> <span class='ocrx_word' id='word_1_229' title='bbox 353 2808 381 2850; x_wconf 93' lang='grc'><strong>66</strong></span> <span class='ocrx_word' id='word_1_230' title='bbox 403 2801 527 2862; x_wconf 88' lang='lat' dir='ltr'>personal</span> <span class='ocrx_word' id='word_1_231' title='bbox 555 2802 594 2849; x_wconf 91' lang='lat' dir='ltr'><strong>in·</strong></span> <span class='ocrx_word' id='word_1_232' title='bbox 645 2803 746 2851; x_wconf 84' lang='lat'>22-25.</span> <span class='ocrx_word' id='word_1_233' title='bbox 764 2806 819 2858; x_wconf 94' lang='grc'><strong>666,</strong></span> <span class='ocrx_word' id='word_1_234' title='bbox 832 2810 880 2852; x_wconf 93' lang='lat' dir='ltr'>not</span> <span class='ocrx_word' id='word_1_235' title='bbox 892 2803 996 2865; x_wconf 86' lang='lat' dir='ltr'>strictly</span> <span class='ocrx_word' id='word_1_236' title='bbox 1009 2792 1055 2851; x_wconf 80' lang='lat' dir='ltr'><strong>the</strong></span> <span class='ocrx_word' id='word_1_237' title='bbox 1064 2815 1127 2852; x_wconf 90' lang='lat' dir='ltr'>con-</span> 
     </span>
     <span class='ocr_line' id='line_1_27' title="bbox 82 2878 1125 2941; baseline -0.004 -10"><span class='ocrx_word' id='word_1_238' title='bbox 82 2880 182 2931; x_wconf 87' lang='grc'><strong>1166666</strong></span> <span class='ocrx_word' id='word_1_239' title='bbox 203 2896 266 2932; x_wconf 91' lang='lat' dir='ltr'>over</span> <span class='ocrx_word' id='word_1_240' title='bbox 289 2881 462 2931; x_wconf 78' lang='lat' dir='ltr'>individuale.</span> <span class='ocrx_word' id='word_1_241' title='bbox 499 2879 594 2929; x_wconf 83' lang='lat' dir='ltr'>fidem</span> <span class='ocrx_word' id='word_1_242' title='bbox 614 2879 718 2929; x_wconf 90' lang='lat' dir='ltr'>clusion</span> <span class='ocrx_word' id='word_1_243' title='bbox 740 2885 770 2928; x_wconf 92' lang='grc'><strong>66</strong></span> <span class='ocrx_word' id='word_1_244' title='bbox 792 2880 838 2927; x_wconf 91' lang='grc'><strong>6116</strong></span> <span class='ocrx_word' id='word_1_245' title='bbox 861 2878 999 2929; x_wconf 87' lang='lat' dir='ltr'>condition</span> <span class='ocrx_word' id='word_1_246' title='bbox 1023 2879 1125 2941; x_wconf 85' lang='lat' dir='ltr'>above;</span> 
     </span>
     <span class='ocr_line' id='line_1_28' title="bbox 81 2954 1126 3020; baseline -0.003 -13"><span class='ocrx_word' id='word_1_247' title='bbox 81 2958 347 3009; x_wconf 77' lang='lat' dir='ltr'>defensionis:</span> <span class='ocrx_word' id='word_1_248' title='bbox 359 2959 393 3009; x_wconf 86' lang='lat' dir='ltr'><strong>ci.</strong></span> <span class='ocrx_word' id='word_1_249' title='bbox 405 2960 594 3020; x_wconf 69' lang='lat' dir='ltr'>heatitudine</span> <span class='ocrx_word' id='word_1_250' title='bbox 614 2957 688 3005; x_wconf 87' lang='lat' dir='ltr'>there</span> <span class='ocrx_word' id='word_1_251' title='bbox 710 2956 731 3005; x_wconf 91' lang='grc'><strong>16</strong></span> <span class='ocrx_word' id='word_1_252' title='bbox 748 2969 764 3004; x_wconf 92' lang='grc'><strong>6</strong></span> <span class='ocrx_word' id='word_1_253' title='bbox 784 2955 866 3018; x_wconf 82' lang='lat' dir='ltr'>slight</span> <span class='ocrx_word' id='word_1_254' title='bbox 887 2954 989 3017; x_wconf 88' lang='lat' dir='ltr'>ellipse,</span> <span class='ocrx_word' id='word_1_255' title='bbox 1010 2954 1126 3005; x_wconf 85' lang='grc'><strong>6661166</strong></span> 
     </span>
     <span class='ocr_line' id='line_1_29' title="bbox 81 3032 1123 3097; baseline -0.003 -13"><span class='ocrx_word' id='word_1_256' title='bbox 81 3037 176 3095; x_wconf 83' lang='lat' dir='ltr'>animi,</span> <span class='ocrx_word' id='word_1_257' title='bbox 190 3037 204 3097; x_wconf 83' lang='lat'>§</span> <span class='ocrx_word' id='word_1_258' title='bbox 218 3037 255 3085; x_wconf 85' lang='grc'><strong>14.</strong></span> <span class='ocrx_word' id='word_1_259' title='bbox 271 3038 308 3085; x_wconf 90' lang='lat'>11.</span> <span class='ocrx_word' id='word_1_260' title='bbox 615 3032 677 3082; x_wconf 87' lang='lat' dir='ltr'>‘the</span> <span class='ocrx_word' id='word_1_261' title='bbox 694 3033 818 3095; x_wconf 85' lang='lat' dir='ltr'>question</span> <span class='ocrx_word' id='word_1_262' title='bbox 832 3032 920 3082; x_wconf 86' lang='lat' dir='ltr'>would</span> <span class='ocrx_word' id='word_1_263' title='bbox 938 3032 992 3082; x_wconf 90' lang='grc'><strong>66111</strong></span> <span class='ocrx_word' id='word_1_264' title='bbox 1011 3032 1069 3081; x_wconf 88' lang='lat' dir='ltr'>be:’</span> <span class='ocrx_word' id='word_1_265' title='bbox 1088 3032 1123 3081; x_wconf 91' lang='grc'><strong>61.</strong></span> 
     </span>
    </p>

    <p class='ocr_par' dir='ltr' id='par_1_4' title="bbox 80 3106 1127 3782">
     <span class='ocr_line' id='line_1_30' title="bbox 113 3106 1125 3173; baseline -0.006 -11"><span class='ocrx_word' id='word_1_266' title='bbox 113 3113 175 3173; x_wconf 75' lang='grc'><strong>622.</strong></span> <span class='ocrx_word' id='word_1_267' title='bbox 194 3112 297 3168; x_wconf 64' lang='lat'>1218.</span> <span class='ocrx_word' id='word_1_268' title='bbox 315 3112 435 3161; x_wconf 83' lang='lat' dir='ltr'>indicta</span> <span class='ocrx_word' id='word_1_269' title='bbox 453 3147 459 3160; x_wconf 91' lang='lat'>.</span> <span class='ocrx_word' id='word_1_270' title='bbox 477 3147 482 3159; x_wconf 90' lang='lat'>.</span> <span class='ocrx_word' id='word_1_271' title='bbox 501 3147 506 3158; x_wconf 93' lang='lat'>.</span> <span class='ocrx_word' id='word_1_272' title='bbox 524 3125 593 3173; x_wconf 86' lang='lat' dir='ltr'>pro·</span> <span class='ocrx_word' id='word_1_273' title='bbox 614 3109 664 3158; x_wconf 90' lang='lat' dir='ltr'>IV.</span> <span class='ocrx_word' id='word_1_274' title='bbox 678 3109 723 3157; x_wconf 84' lang='lat'>1⁷.</span> <span class='ocrx_word' id='word_1_275' title='bbox 737 3110 779 3169; x_wconf 79' lang='lat'><strong>18;</strong></span> <span class='ocrx_word' id='word_1_276' title='bbox 798 3109 1031 3170; x_wconf 83' lang='grc'><strong>1161·.15.11-12;</strong></span> <span class='ocrx_word' id='word_1_277' title='bbox 1049 3109 1085 3158; x_wconf 88' lang='lat'>11.</span> <span class='ocrx_word' id='word_1_278' title='bbox 1100 3106 1125 3156; x_wconf 82' lang='grc'><strong>3.</strong></span> 
     </span>
     <span class='ocr_line' id='line_1_31' title="bbox 80 3185 1127 3250; baseline -0.001 -15"><span class='ocrx_word' id='word_1_279' title='bbox 80 3186 223 3250; x_wconf 74' lang='lat' dir='ltr'>fugisset:</span> <span class='ocrx_word' id='word_1_280' title='bbox 241 3202 285 3237; x_wconf 88' lang='lat' dir='ltr'><strong>see</strong></span> <span class='ocrx_word' id='word_1_281' title='bbox 301 3203 326 3250; x_wconf 90' lang='lat' dir='ltr'><strong>p.</strong></span> <span class='ocrx_word' id='word_1_282' title='bbox 341 3189 381 3248; x_wconf 84' lang='lat'><strong>36,</strong></span> <span class='ocrx_word' id='word_1_283' title='bbox 395 3189 409 3249; x_wconf 77' lang='lat'><strong>§</strong></span> <span class='ocrx_word' id='word_1_284' title='bbox 421 3189 460 3237; x_wconf 83' lang='grc'><strong>63.</strong></span> <span class='ocrx_word' id='word_1_285' title='bbox 497 3187 593 3237; x_wconf 84' lang='lat' dir='ltr'>Notice</span> <span class='ocrx_word' id='word_1_286' title='bbox 613 3187 636 3235; x_wconf 80' lang='lat'>5.</span> <span class='ocrx_word' id='word_1_287' title='bbox 671 3185 871 3247; x_wconf 78' lang='lat' dir='ltr'>Tarquinium</span> <span class='ocrx_word' id='word_1_288' title='bbox 881 3189 913 3235; x_wconf 91' lang='grc'><strong>66</strong></span> <span class='ocrx_word' id='word_1_289' title='bbox 922 3185 1070 3234; x_wconf 81' lang='lat' dir='ltr'>Numam:</span> <span class='ocrx_word' id='word_1_290' title='bbox 1087 3198 1127 3234; x_wconf 89' lang='lat' dir='ltr'>wa</span> 
     </span>
     <span class='ocr_line' id='line_1_32' title="bbox 81 3261 1123 3328; baseline -0.001 -17"><span class='ocrx_word' id='word_1_291' title='bbox 81 3265 141 3313; x_wconf 87' lang='lat' dir='ltr'>that</span> <span class='ocrx_word' id='word_1_292' title='bbox 159 3265 206 3313; x_wconf 88' lang='lat' dir='ltr'><strong>the</strong></span> <span class='ocrx_word' id='word_1_293' title='bbox 228 3265 296 3328; x_wconf 87' lang='lat' dir='ltr'>peri.</span> <span class='ocrx_word' id='word_1_294' title='bbox 317 3279 386 3328; x_wconf 87' lang='lat' dir='ltr'>pass.</span> <span class='ocrx_word' id='word_1_295' title='bbox 412 3270 480 3326; x_wconf 90' lang='lat' dir='ltr'>part.</span> <span class='ocrx_word' id='word_1_296' title='bbox 503 3265 524 3313; x_wconf 92' lang='lat' dir='ltr'><strong>is</strong></span> <span class='ocrx_word' id='word_1_297' title='bbox 547 3265 593 3313; x_wconf 89' lang='lat' dir='ltr'><strong>the</strong></span> <span class='ocrx_word' id='word_1_298' title='bbox 613 3262 709 3311; x_wconf 89' lang='lat' dir='ltr'>should</span> <span class='ocrx_word' id='word_1_299' title='bbox 730 3268 825 3323; x_wconf 84' lang='lat' dir='ltr'>expect</span> <span class='ocrx_word' id='word_1_300' title='bbox 845 3262 892 3311; x_wconf 89' lang='lat' dir='ltr'><strong>the</strong></span> <span class='ocrx_word' id='word_1_301' title='bbox 914 3276 1018 3311; x_wconf 86' lang='lat' dir='ltr'>reverse</span> <span class='ocrx_word' id='word_1_302' title='bbox 1038 3261 1123 3311; x_wconf 89' lang='lat' dir='ltr'>order.</span> 
     </span>
     <span class='ocr_line' id='line_1_33' title="bbox 81 3338 1127 3402; baseline -0.001 -14"><span class='ocrx_word' id='word_1_303' title='bbox 81 3339 143 3402; x_wconf 83' lang='lat' dir='ltr'>only</span> <span class='ocrx_word' id='word_1_304' title='bbox 155 3345 216 3402; x_wconf 88' lang='lat' dir='ltr'>part</span> <span class='ocrx_word' id='word_1_305' title='bbox 233 3342 263 3390; x_wconf 91' lang='grc'><strong>61</strong></span> <span class='ocrx_word' id='word_1_306' title='bbox 279 3341 326 3389; x_wconf 89' lang='grc'><strong>6116</strong></span> <span class='ocrx_word' id='word_1_307' title='bbox 337 3341 402 3389; x_wconf 87' lang='lat' dir='ltr'>verb</span> <span class='ocrx_word' id='word_1_308' title='bbox 420 3342 485 3390; x_wconf 89' lang='lat' dir='ltr'>with</span> <span class='ocrx_word' id='word_1_309' title='bbox 505 3341 592 3390; x_wconf 83' lang='lat' dir='ltr'>which</span> <span class='ocrx_word' id='word_1_310' title='bbox 614 3338 868 3400; x_wconf 85' lang='lat' dir='ltr'>NumaPompilius‚</span> <span class='ocrx_word' id='word_1_311' title='bbox 878 3339 925 3387; x_wconf 87' lang='grc'><strong>6116</strong></span> <span class='ocrx_word' id='word_1_312' title='bbox 933 3339 1029 3388; x_wconf 88' lang='lat' dir='ltr'>second</span> <span class='ocrx_word' id='word_1_313' title='bbox 1039 3339 1068 3387; x_wconf 92' lang='grc'><strong>61</strong></span> <span class='ocrx_word' id='word_1_314' title='bbox 1079 3339 1127 3387; x_wconf 91' lang='grc'><strong>6116</strong></span> 
     </span>
     <span class='ocr_line' id='line_1_34' title="bbox 81 3414 1124 3478; baseline 0.001 -15"><span class='ocrx_word' id='word_1_315' title='bbox 81 3417 127 3466; x_wconf 88' lang='grc'><strong>6116</strong></span> <span class='ocrx_word' id='word_1_316' title='bbox 155 3417 280 3478; x_wconf 86' lang='lat' dir='ltr'>negative</span> <span class='ocrx_word' id='word_1_317' title='bbox 309 3419 349 3466; x_wconf 87' lang='lat' dir='ltr'><strong>in·</strong></span> <span class='ocrx_word' id='word_1_318' title='bbox 378 3431 427 3466; x_wconf 90' lang='lat' dir='ltr'><strong>can</strong></span> <span class='ocrx_word' id='word_1_319' title='bbox 457 3417 489 3466; x_wconf 89' lang='lat' dir='ltr'>be</span> <span class='ocrx_word' id='word_1_320' title='bbox 523 3431 593 3466; x_wconf 89' lang='grc'><strong>6616-</strong></span> <span class='ocrx_word' id='word_1_321' title='bbox 614 3415 742 3476; x_wconf 83' lang='lat' dir='ltr'>mythical</span> <span class='ocrx_word' id='word_1_322' title='bbox 755 3415 844 3477; x_wconf 88' lang='lat' dir='ltr'>kings,</span> <span class='ocrx_word' id='word_1_323' title='bbox 858 3415 1059 3474; x_wconf 85' lang='lat' dir='ltr'>wasaSabine,</span> <span class='ocrx_word' id='word_1_324' title='bbox 1071 3414 1124 3464; x_wconf 90' lang='lat' dir='ltr'><strong>and</strong></span> 
     </span>
     <span class='ocr_line' id='line_1_35' title="bbox 81 3491 1126 3555; baseline -0.003 -13"><span class='ocrx_word' id='word_1_325' title='bbox 81 3493 215 3555; x_wconf 90' lang='lat' dir='ltr'>ponnded.</span> <span class='ocrx_word' id='word_1_326' title='bbox 249 3496 346 3550; x_wconf 84' lang='lat' dir='ltr'>tauta,</span> <span class='ocrx_word' id='word_1_327' title='bbox 365 3508 395 3544; x_wconf 89' lang='grc'><strong>66</strong></span> <span class='ocrx_word' id='word_1_328' title='bbox 412 3494 506 3552; x_wconf 86' lang='lat' dir='ltr'>above,</span> <span class='ocrx_word' id='word_1_329' title='bbox 520 3494 534 3554; x_wconf 65' lang='grc' dir='ltr'><strong>ξ</strong></span> <span class='ocrx_word' id='word_1_330' title='bbox 552 3494 590 3542; x_wconf 91' lang='grc'><strong>21.</strong></span> <span class='ocrx_word' id='word_1_331' title='bbox 614 3492 713 3540; x_wconf 91' lang='lat' dir='ltr'>Lucius</span> <span class='ocrx_word' id='word_1_332' title='bbox 723 3492 896 3554; x_wconf 86' lang='lat' dir='ltr'>Tarquinius,</span> <span class='ocrx_word' id='word_1_333' title='bbox 907 3491 954 3540; x_wconf 91' lang='lat' dir='ltr'><strong>the</strong></span> <span class='ocrx_word' id='word_1_334' title='bbox 966 3491 1037 3550; x_wconf 83' lang='lat' dir='ltr'>fifth,</span> <span class='ocrx_word' id='word_1_335' title='bbox 1051 3504 1126 3540; x_wconf 88' lang='lat' dir='ltr'>carne</span> 
     </span>
     <span class='ocr_line' id='line_1_36' title="bbox 81 3565 1127 3629; baseline -0.002 -11"><span class='ocrx_word' id='word_1_336' title='bbox 81 3570 104 3629; x_wconf 93' lang='grc'><strong>6,</strong></span> <span class='ocrx_word' id='word_1_337' title='bbox 120 3569 387 3629; x_wconf 72' lang='grc'><strong>66661666611611116.</strong></span> <span class='ocrx_word' id='word_1_338' title='bbox 422 3569 592 3619; x_wconf 85' lang='lat' dir='ltr'>hominem:</span> <span class='ocrx_word' id='word_1_339' title='bbox 613 3569 683 3617; x_wconf 84' lang='lat' dir='ltr'>from</span> <span class='ocrx_word' id='word_1_340' title='bbox 696 3568 813 3616; x_wconf 79' lang='lat' dir='ltr'>Etruria.</span> <span class='ocrx_word' id='word_1_341' title='bbox 849 3565 951 3629; x_wconf 88' lang='lat' dir='ltr'>Supply</span> <span class='ocrx_word' id='word_1_342' title='bbox 965 3568 1127 3627; x_wconf 75' lang='lat' dir='ltr'>pereprinoa</span> 
     </span>
     <span class='ocr_line' id='line_1_37' title="bbox 80 3642 1127 3708; baseline -0.002 -14"><span class='ocrx_word' id='word_1_343' title='bbox 80 3660 124 3695; x_wconf 88' lang='lat' dir='ltr'><strong>see</strong></span> <span class='ocrx_word' id='word_1_344' title='bbox 142 3659 177 3695; x_wconf 93' lang='lat' dir='ltr'><strong>on</strong></span> <span class='ocrx_word' id='word_1_345' title='bbox 196 3646 219 3696; x_wconf 93' lang='lat' dir='ltr'>I.</span> <span class='ocrx_word' id='word_1_346' title='bbox 239 3646 265 3694; x_wconf 83' lang='lat'>4.</span> <span class='ocrx_word' id='word_1_347' title='bbox 278 3647 306 3708; x_wconf 88' lang='grc'><strong>4;</strong></span> <span class='ocrx_word' id='word_1_348' title='bbox 327 3645 405 3696; x_wconf 89' lang='lat' dir='ltr'>could</span> <span class='ocrx_word' id='word_1_349' title='bbox 422 3648 509 3695; x_wconf 82' lang='lat' dir='ltr'>virum</span> <span class='ocrx_word' id='word_1_350' title='bbox 523 3646 593 3695; x_wconf 88' lang='lat' dir='ltr'>have</span> <span class='ocrx_word' id='word_1_351' title='bbox 612 3659 689 3705; x_wconf 77' lang='grc'><strong>66666</strong></span> <span class='ocrx_word' id='word_1_352' title='bbox 704 3644 804 3706; x_wconf 79' lang='lat' dir='ltr'>fuisse,</span> <span class='ocrx_word' id='word_1_353' title='bbox 829 3644 882 3692; x_wconf 84' lang='lat' dir='ltr'>arrd</span> <span class='ocrx_word' id='word_1_354' title='bbox 905 3643 948 3693; x_wconf 86' lang='lat' dir='ltr'><strong>for</strong></span> <span class='ocrx_word' id='word_1_355' title='bbox 966 3643 1071 3706; x_wconf 84' lang='lat' dir='ltr'>change</span> <span class='ocrx_word' id='word_1_356' title='bbox 1098 3642 1127 3692; x_wconf 91' lang='grc'><strong>61</strong></span> 
     </span>
     <span class='ocr_line' id='line_1_38' title="bbox 81 3719 982 3782; baseline -0.002 -11"><span class='ocrx_word' id='word_1_357' title='bbox 81 3722 148 3772; x_wconf 87' lang='lat' dir='ltr'>been</span> <span class='ocrx_word' id='word_1_358' title='bbox 161 3722 249 3772; x_wconf 85' lang='lat' dir='ltr'>used?</span> <span class='ocrx_word' id='word_1_359' title='bbox 282 3721 332 3772; x_wconf 85' lang='lat' dir='ltr'><strong>See</strong></span> <span class='ocrx_word' id='word_1_360' title='bbox 343 3735 379 3772; x_wconf 91' lang='lat' dir='ltr'><strong>on</strong></span> <span class='ocrx_word' id='word_1_361' title='bbox 393 3722 414 3771; x_wconf 93' lang='lat' dir='ltr'>I.</span> <span class='ocrx_word' id='word_1_362' title='bbox 428 3720 474 3770; x_wconf 81' lang='lat'>13.</span> <span class='ocrx_word' id='word_1_363' title='bbox 486 3722 510 3770; x_wconf 88' lang='lat'>4.</span> <span class='ocrx_word' id='word_1_364' title='bbox 613 3726 689 3771; x_wconf 86' lang='lat' dir='ltr'>tense</span> <span class='ocrx_word' id='word_1_365' title='bbox 700 3722 736 3771; x_wconf 87' lang='grc'><strong>61.</strong></span> <span class='ocrx_word' id='word_1_366' title='bbox 750 3719 777 3777; x_wconf 76' lang='lat' dir='ltr'>§i</span> <span class='ocrx_word' id='word_1_367' title='bbox 794 3722 831 3770; x_wconf 91' lang='lat'>10.</span> <span class='ocrx_word' id='word_1_368' title='bbox 845 3720 889 3782; x_wconf 80' lang='lat'><strong>323</strong></span> <span class='ocrx_word' id='word_1_369' title='bbox 907 3721 929 3769; x_wconf 93' lang='grc'><strong>1.</strong></span> <span class='ocrx_word' id='word_1_370' title='bbox 944 3719 982 3770; x_wconf 90' lang='grc'><strong>16.</strong></span> 
     </span>
    </p>

    <p class='ocr_par' dir='ltr' id='par_1_5' title="bbox 112 3794 1127 3864">
     <span class='ocr_line' id='line_1_39' title="bbox 112 3794 1127 3864; baseline 0.001 -16"><span class='ocrx_word' id='word_1_371' title='bbox 112 3797 213 3849; x_wconf 83' lang='grc'><strong>19-21.</strong></span> <span class='ocrx_word' id='word_1_372' title='bbox 230 3798 274 3848; x_wconf 78' lang='lat' dir='ltr'><strong>ai.</strong></span> <span class='ocrx_word' id='word_1_373' title='bbox 292 3834 298 3848; x_wconf 92' lang='lat'>.</span> <span class='ocrx_word' id='word_1_374' title='bbox 316 3798 413 3856; x_wconf 82' lang='grc'><strong>,(1616,</strong></span> <span class='ocrx_word' id='word_1_375' title='bbox 421 3797 524 3864; x_wconf 79' lang='lat' dir='ltr'>strictly</span> <span class='ocrx_word' id='word_1_376' title='bbox 534 3811 594 3863; x_wconf 83' lang='lat' dir='ltr'>par·</span> <span class='ocrx_word' id='word_1_377' title='bbox 644 3797 690 3848; x_wconf 78' lang='lat'>26.</span> <span class='ocrx_word' id='word_1_378' title='bbox 713 3797 810 3848; x_wconf 78' lang='lat' dir='ltr'>Mitto</span> <span class='ocrx_word' id='word_1_379' title='bbox 836 3807 992 3859; x_wconf 78' lang='lat' dir='ltr'>quaerere,</span> <span class='ocrx_word' id='word_1_380' title='bbox 1017 3794 1048 3846; x_wconf 88' lang='lat'><strong>‘1</strong></span> <span class='ocrx_word' id='word_1_381' title='bbox 1072 3795 1127 3850; x_wconf 82' lang='lat' dir='ltr'>ior·</span> 
     </span>
    </p>
   </div>
   <div class='ocr_carea' id='block_1_4' title="bbox 0 0 1344 4260">
    <p class='ocr_par' dir='ltr' id='par_1_6' title="bbox 0 0 1344 4260">
     <span class='ocr_line' id='line_1_40' title="bbox 0 0 1344 4260; baseline 0 0"><span class='ocrx_word' id='word_1_382' title='bbox 0 0 1344 4260; x_wconf 95' lang='lat' dir='ltr'><strong> </strong></span> 
     </span>
    </p>
   </div>
  </div>
 </body>
</html>
