<?xml version="1.0" encoding="UTF-8"?>
<!DOCTYPE html PUBLIC "-//W3C//DTD XHTML 1.0 Transitional//EN"
    "http://www.w3.org/TR/xhtml1/DTD/xhtml1-transitional.dtd">
<html xmlns="http://www.w3.org/1999/xhtml" xml:lang="en" lang="en">
 <head>
  <title>
</title>
<meta http-equiv="Content-Type" content="text/html;charset=utf-8" />
  <meta name='ocr-system' content='tesseract 3.04.00' />
  <meta name='ocr-capabilities' content='ocr_page ocr_carea ocr_par ocr_line ocrx_word'/>
</head>
<body>
  <div class='ocr_page' id='page_1' title='image "./selectedoration00cicegoog_0346.png"; bbox 0 0 2678 4260; ppageno 0'>
   <div class='ocr_carea' id='block_1_1' title="bbox 556 209 1271 341">
    <p class='ocr_par' dir='ltr' id='par_1_1' title="bbox 556 209 1271 341">
     <span class='ocr_line' id='line_1_1' title="bbox 556 209 1271 341; baseline 0.003 -13"><span class='ocrx_word' id='word_1_1' title='bbox 556 275 609 329; x_wconf 78' lang='lat' dir='ltr'>nr.</span> <span class='ocrx_word' id='word_1_2' title='bbox 636 209 700 341; x_wconf 79' lang='lat' dir='ltr'>nr,</span> <span class='ocrx_word' id='word_1_3' title='bbox 725 275 739 341; x_wconf 71' lang='lat' dir='ltr'>s</span> <span class='ocrx_word' id='word_1_4' title='bbox 764 275 821 329; x_wconf 81' lang='lat'>1-4.</span> <span class='ocrx_word' id='word_1_5' title='bbox 1207 260 1271 330; x_wconf 80' lang='grc'>363</span> 
     </span>
    </p>
   </div>
   <div class='ocr_carea' id='block_1_2' title="bbox 133 446 1273 2517">
    <p class='ocr_par' dir='ltr' id='par_1_2' title="bbox 173 446 1215 536">
     <span class='ocr_line' id='line_1_2' title="bbox 173 446 1215 536; baseline 0.001 -23"><span class='ocrx_word' id='word_1_6' title='bbox 173 446 255 514; x_wconf 90' lang='lat' dir='ltr'>dum</span> <span class='ocrx_word' id='word_1_7' title='bbox 270 449 398 515; x_wconf 88' lang='lat' dir='ltr'>veritus</span> <span class='ocrx_word' id='word_1_8' title='bbox 414 457 475 527; x_wconf 89' lang='lat' dir='ltr'>est,</span> <span class='ocrx_word' id='word_1_9' title='bbox 492 473 533 516; x_wconf 92' lang='lat' dir='ltr'>ne</span> <span class='ocrx_word' id='word_1_10' title='bbox 551 451 666 514; x_wconf 86' lang='lat' dir='ltr'>Fufius</span> <span class='ocrx_word' id='word_1_11' title='bbox 684 452 713 514; x_wconf 90' lang='lat' dir='ltr'>ei</span> <span class='ocrx_word' id='word_1_12' title='bbox 737 451 804 536; x_wconf 86' lang='lat' dir='ltr'>legi</span> <span class='ocrx_word' id='word_1_13' title='bbox 822 449 1053 526; x_wconf 72' lang='lat' dir='ltr'>intercederet,</span> <span class='ocrx_word' id='word_1_14' title='bbox 1070 471 1156 534; x_wconf 89' lang='lat' dir='ltr'>quae</span> <span class='ocrx_word' id='word_1_15' title='bbox 1173 472 1215 515; x_wconf 87' lang='lat' dir='ltr'>ex</span> 
     </span>
    </p>

    <p class='ocr_par' dir='ltr' id='par_1_3' title="bbox 133 545 1273 2517">
     <span class='ocr_line' id='line_1_3' title="bbox 133 545 1273 631; baseline 0.001 -16"><span class='ocrx_word' id='word_1_16' title='bbox 133 545 149 578; x_wconf 72' lang='lat'><strong>⁹</strong></span> <span class='ocrx_word' id='word_1_17' title='bbox 173 556 484 619; x_wconf 85' lang='lat' dir='ltr'>senatusconsulto</span> <span class='ocrx_word' id='word_1_18' title='bbox 508 554 687 630; x_wconf 86' lang='lat' dir='ltr'>ferebatur,</span> <span class='ocrx_word' id='word_1_19' title='bbox 706 576 772 617; x_wconf 95' lang='lat' dir='ltr'>non</span> <span class='ocrx_word' id='word_1_20' title='bbox 789 553 877 620; x_wconf 90' lang='lat' dir='ltr'>vidit</span> <span class='ocrx_word' id='word_1_21' title='bbox 899 553 995 631; x_wconf 87' lang='lat' dir='ltr'>illud,</span> <span class='ocrx_word' id='word_1_22' title='bbox 1019 555 1124 618; x_wconf 88' lang='lat' dir='ltr'>satius</span> <span class='ocrx_word' id='word_1_23' title='bbox 1149 576 1220 620; x_wconf 91' lang='lat' dir='ltr'>esse</span> <span class='ocrx_word' id='word_1_24' title='bbox 1243 569 1273 616; x_wconf 81' lang='lat' dir='ltr'>ao</span> 
     </span>
     <span class='ocr_line' id='line_1_4' title="bbox 173 657 1217 744; baseline 0.005 -26"><span class='ocrx_word' id='word_1_25' title='bbox 173 658 269 721; x_wconf 89' lang='lat' dir='ltr'>illurn</span> <span class='ocrx_word' id='word_1_26' title='bbox 300 664 334 722; x_wconf 94' lang='lat' dir='ltr'>in</span> <span class='ocrx_word' id='word_1_27' title='bbox 365 657 502 722; x_wconf 86' lang='lat' dir='ltr'>infamia</span> <span class='ocrx_word' id='word_1_28' title='bbox 532 659 679 743; x_wconf 87' lang='lat' dir='ltr'>relinqui</span> <span class='ocrx_word' id='word_1_29' title='bbox 709 679 747 722; x_wconf 90' lang='lat' dir='ltr'>ac</span> <span class='ocrx_word' id='word_1_30' title='bbox 778 657 931 722; x_wconf 89' lang='lat' dir='ltr'>sordibus</span> <span class='ocrx_word' id='word_1_31' title='bbox 962 680 1063 744; x_wconf 88' lang='lat' dir='ltr'>quarn</span> <span class='ocrx_word' id='word_1_32' title='bbox 1085 659 1217 723; x_wconf 87' lang='lat' dir='ltr'>infirmo</span> 
     </span>
     <span class='ocr_line' id='line_1_5' title="bbox 173 760 1215 848; baseline 0.002 -25"><span class='ocrx_word' id='word_1_33' title='bbox 173 760 296 826; x_wconf 91' lang='lat' dir='ltr'>iudicio</span> <span class='ocrx_word' id='word_1_34' title='bbox 327 763 501 839; x_wconf 77' lang='lat' dir='ltr'>committi,</span> <span class='ocrx_word' id='word_1_35' title='bbox 543 763 603 827; x_wconf 90' lang='lat' dir='ltr'>sed</span> <span class='ocrx_word' id='word_1_36' title='bbox 640 762 764 827; x_wconf 89' lang='lat' dir='ltr'>ductus</span> <span class='ocrx_word' id='word_1_37' title='bbox 802 762 878 827; x_wconf 92' lang='lat' dir='ltr'>odio</span> <span class='ocrx_word' id='word_1_38' title='bbox 916 764 1110 848; x_wconf 86' lang='lat' dir='ltr'>properavit</span> <span class='ocrx_word' id='word_1_39' title='bbox 1148 785 1215 828; x_wconf 86' lang='lat' dir='ltr'>renr</span> 
     </span>
     <span class='ocr_line' id='line_1_6' title="bbox 172 864 1221 954; baseline 0.003 -26"><span class='ocrx_word' id='word_1_40' title='bbox 172 864 338 931; x_wconf 83' lang='lat' dir='ltr'>deducere</span> <span class='ocrx_word' id='word_1_41' title='bbox 380 868 414 929; x_wconf 92' lang='lat' dir='ltr'>in</span> <span class='ocrx_word' id='word_1_42' title='bbox 455 867 627 943; x_wconf 80' lang='lat' dir='ltr'>iudiciuin,</span> <span class='ocrx_word' id='word_1_43' title='bbox 666 888 743 931; x_wconf 89' lang='lat' dir='ltr'>curn</span> <span class='ocrx_word' id='word_1_44' title='bbox 780 867 877 930; x_wconf 87' lang='lat' dir='ltr'>illurn</span> <span class='ocrx_word' id='word_1_45' title='bbox 915 867 1072 951; x_wconf 88' lang='lat' dir='ltr'>plumbeo</span> <span class='ocrx_word' id='word_1_46' title='bbox 1109 867 1221 954; x_wconf 86' lang='lat' dir='ltr'>gladio</span> 
     </span>
     <span class='ocr_line' id='line_1_7' title="bbox 171 969 1272 1056; baseline 0.003 -23"><span class='ocrx_word' id='word_1_47' title='bbox 171 970 362 1056; x_wconf 84' lang='lat' dir='ltr'>iugulatum</span> <span class='ocrx_word' id='word_1_48' title='bbox 379 972 419 1034; x_wconf 90' lang='lat' dir='ltr'>iri</span> <span class='ocrx_word' id='word_1_49' title='bbox 436 979 547 1035; x_wconf 87' lang='lat' dir='ltr'>tamen</span> <span class='ocrx_word' id='word_1_50' title='bbox 567 970 702 1035; x_wconf 88' lang='lat' dir='ltr'>diceret.</span> <span class='ocrx_word' id='word_1_51' title='bbox 750 969 826 1047; x_wconf 89' lang='lat' dir='ltr'>Sed,</span> <span class='ocrx_word' id='word_1_52' title='bbox 844 970 1006 1035; x_wconf 90' lang='lat' dir='ltr'>iudicium</span> <span class='ocrx_word' id='word_1_53' title='bbox 1029 973 1057 1035; x_wconf 88' lang='lat' dir='ltr'>si</span> <span class='ocrx_word' id='word_1_54' title='bbox 1082 973 1213 1056; x_wconf 90' lang='lat' dir='ltr'>quaeris</span> <span class='ocrx_word' id='word_1_55' title='bbox 1252 975 1272 1036; x_wconf 84' lang='grc'>3</span> 
     </span>
     <span class='ocr_line' id='line_1_8' title="bbox 173 1072 1272 1158; baseline 0 -22"><span class='ocrx_word' id='word_1_56' title='bbox 173 1074 272 1158; x_wconf 90' lang='lat' dir='ltr'>quale</span> <span class='ocrx_word' id='word_1_57' title='bbox 297 1072 410 1151; x_wconf 86' lang='lat' dir='ltr'>fuerit,</span> <span class='ocrx_word' id='word_1_58' title='bbox 427 1074 616 1139; x_wconf 83' lang='lat' dir='ltr'>incredibili</span> <span class='ocrx_word' id='word_1_59' title='bbox 640 1076 745 1151; x_wconf 83' lang='lat' dir='ltr'>exito,</span> <span class='ocrx_word' id='word_1_60' title='bbox 762 1076 820 1151; x_wconf 89' lang='lat' dir='ltr'>sic,</span> <span class='ocrx_word' id='word_1_61' title='bbox 837 1077 889 1139; x_wconf 91' lang='lat' dir='ltr'>uti</span> <span class='ocrx_word' id='word_1_62' title='bbox 913 1096 1003 1140; x_wconf 91' lang='lat' dir='ltr'>nunc</span> <span class='ocrx_word' id='word_1_63' title='bbox 1027 1097 1069 1140; x_wconf 86' lang='lat' dir='ltr'>ex</span> <span class='ocrx_word' id='word_1_64' title='bbox 1094 1084 1219 1141; x_wconf 89' lang='lat' dir='ltr'>eventu</span> <span class='ocrx_word' id='word_1_65' title='bbox 1243 1091 1272 1136; x_wconf 78' lang='lat'>35</span> 
     </span>
     <span class='ocr_line' id='line_1_9' title="bbox 172 1178 1218 1265; baseline 0.004 -25"><span class='ocrx_word' id='word_1_66' title='bbox 172 1178 213 1242; x_wconf 87' lang='lat' dir='ltr'>nb</span> <span class='ocrx_word' id='word_1_67' title='bbox 236 1179 321 1256; x_wconf 91' lang='lat' dir='ltr'>aliis,</span> <span class='ocrx_word' id='word_1_68' title='bbox 345 1201 364 1243; x_wconf 92' lang='lat' dir='ltr'>a</span> <span class='ocrx_word' id='word_1_69' title='bbox 387 1202 438 1244; x_wconf 90' lang='lat' dir='ltr'>me</span> <span class='ocrx_word' id='word_1_70' title='bbox 463 1180 529 1244; x_wconf 92' lang='lat' dir='ltr'>iarn</span> <span class='ocrx_word' id='word_1_71' title='bbox 552 1202 595 1244; x_wconf 83' lang='lat' dir='ltr'>ex</span> <span class='ocrx_word' id='word_1_72' title='bbox 619 1181 692 1265; x_wconf 89' lang='lat' dir='ltr'>ipso</span> <span class='ocrx_word' id='word_1_73' title='bbox 716 1181 814 1243; x_wconf 92' lang='lat' dir='ltr'>initio</span> <span class='ocrx_word' id='word_1_74' title='bbox 837 1181 1014 1244; x_wconf 90' lang='lat' dir='ltr'>consilium</span> <span class='ocrx_word' id='word_1_75' title='bbox 1045 1181 1218 1245; x_wconf 81' lang='lat' dir='ltr'>Hortensii</span> 
     </span>
     <span class='ocr_line' id='line_1_10' title="bbox 172 1273 1218 1368; baseline 0.005 -23"><span class='ocrx_word' id='word_1_76' title='bbox 172 1273 443 1368; x_wconf 87' lang='lat' dir='ltr'>reprehendatur.</span> <span class='ocrx_word' id='word_1_77' title='bbox 490 1284 586 1362; x_wconf 90' lang='lat' dir='ltr'>Nam,</span> <span class='ocrx_word' id='word_1_78' title='bbox 608 1293 648 1349; x_wconf 91' lang='lat' dir='ltr'>ut</span> <span class='ocrx_word' id='word_1_79' title='bbox 670 1286 807 1350; x_wconf 86' lang='lat' dir='ltr'>reiectio</span> <span class='ocrx_word' id='word_1_80' title='bbox 830 1284 921 1349; x_wconf 84' lang='lat' dir='ltr'>iacta</span> <span class='ocrx_word' id='word_1_81' title='bbox 944 1293 996 1349; x_wconf 92' lang='lat' dir='ltr'>est</span> <span class='ocrx_word' id='word_1_82' title='bbox 1019 1285 1218 1350; x_wconf 88' lang='lat' dir='ltr'>clamoribus</span> 
     </span>
     <span class='ocr_line' id='line_1_11' title="bbox 172 1387 1217 1474; baseline 0.005 -25"><span class='ocrx_word' id='word_1_83' title='bbox 172 1387 335 1464; x_wconf 87' lang='lat' dir='ltr'>maximis,</span> <span class='ocrx_word' id='word_1_84' title='bbox 352 1410 429 1453; x_wconf 90' lang='lat' dir='ltr'>curn</span> <span class='ocrx_word' id='word_1_85' title='bbox 444 1396 617 1454; x_wconf 87' lang='lat' dir='ltr'>accusator</span> <span class='ocrx_word' id='word_1_86' title='bbox 632 1398 804 1474; x_wconf 89' lang='lat' dir='ltr'>tamquam</span> <span class='ocrx_word' id='word_1_87' title='bbox 820 1411 937 1454; x_wconf 89' lang='lat' dir='ltr'>censor</span> <span class='ocrx_word' id='word_1_88' title='bbox 948 1388 1054 1454; x_wconf 90' lang='lat' dir='ltr'>bonus</span> <span class='ocrx_word' id='word_1_89' title='bbox 1067 1390 1217 1455; x_wconf 88' lang='lat' dir='ltr'>homines</span> 
     </span>
     <span class='ocr_line' id='line_1_12' title="bbox 172 1492 1218 1579; baseline 0.005 -26"><span class='ocrx_word' id='word_1_90' title='bbox 172 1492 392 1576; x_wconf 89' lang='lat' dir='ltr'>nequissimos</span> <span class='ocrx_word' id='word_1_91' title='bbox 419 1494 580 1570; x_wconf 91' lang='lat' dir='ltr'>reiiceret,</span> <span class='ocrx_word' id='word_1_92' title='bbox 612 1515 688 1558; x_wconf 88' lang='lat' dir='ltr'>reus</span> <span class='ocrx_word' id='word_1_93' title='bbox 719 1501 891 1579; x_wconf 82' lang='lat' dir='ltr'>tamquam</span> <span class='ocrx_word' id='word_1_94' title='bbox 921 1495 1065 1558; x_wconf 90' lang='lat' dir='ltr'>clemens</span> <span class='ocrx_word' id='word_1_95' title='bbox 1095 1494 1218 1558; x_wconf 90' lang='lat' dir='ltr'>lanista</span> 
     </span>
     <span class='ocr_line' id='line_1_13' title="bbox 171 1593 1272 1683; baseline 0 -25"><span class='ocrx_word' id='word_1_96' title='bbox 171 1593 436 1683; x_wconf 84' lang='lat' dir='ltr'>frugalissimum</span> <span class='ocrx_word' id='word_1_97' title='bbox 459 1619 626 1682; x_wconf 89' lang='lat' dir='ltr'>quemque</span> <span class='ocrx_word' id='word_1_98' title='bbox 650 1605 847 1675; x_wconf 87' lang='lat' dir='ltr'>secerneret,</span> <span class='ocrx_word' id='word_1_99' title='bbox 864 1606 903 1663; x_wconf 93' lang='lat' dir='ltr'>ut</span> <span class='ocrx_word' id='word_1_100' title='bbox 925 1599 1069 1683; x_wconf 89' lang='lat' dir='ltr'>primurn</span> <span class='ocrx_word' id='word_1_101' title='bbox 1092 1597 1219 1663; x_wconf 84' lang='lat' dir='ltr'>iudices</span> <span class='ocrx_word' id='word_1_102' title='bbox 1241 1612 1272 1658; x_wconf 78' lang='lat'>40</span> 
     </span>
     <span class='ocr_line' id='line_1_14' title="bbox 171 1699 1217 1786; baseline 0.001 -22"><span class='ocrx_word' id='word_1_103' title='bbox 171 1699 406 1778; x_wconf 89' lang='lat' dir='ltr'>consederunt,</span> <span class='ocrx_word' id='word_1_104' title='bbox 423 1701 521 1767; x_wconf 91' lang='lat' dir='ltr'>valde</span> <span class='ocrx_word' id='word_1_105' title='bbox 537 1701 687 1767; x_wconf 90' lang='lat' dir='ltr'>diffidere</span> <span class='ocrx_word' id='word_1_106' title='bbox 711 1702 789 1767; x_wconf 94' lang='lat' dir='ltr'>boni</span> <span class='ocrx_word' id='word_1_107' title='bbox 813 1710 1013 1786; x_wconf 85' lang='lat' dir='ltr'>coeperunt3</span> <span class='ocrx_word' id='word_1_108' title='bbox 1037 1724 1104 1765; x_wconf 94' lang='lat' dir='ltr'>non</span> <span class='ocrx_word' id='word_1_109' title='bbox 1128 1704 1217 1767; x_wconf 90' lang='lat' dir='ltr'>enirn</span> 
     </span>
     <span class='ocr_line' id='line_1_15' title="bbox 173 1805 1219 1891; baseline 0.003 -24"><span class='ocrx_word' id='word_1_110' title='bbox 173 1826 332 1890; x_wconf 90' lang='lat' dir='ltr'>umquam</span> <span class='ocrx_word' id='word_1_111' title='bbox 347 1807 477 1891; x_wconf 89' lang='lat' dir='ltr'>turpior</span> <span class='ocrx_word' id='word_1_112' title='bbox 497 1807 532 1869; x_wconf 92' lang='lat' dir='ltr'>in</span> <span class='ocrx_word' id='word_1_113' title='bbox 555 1806 636 1870; x_wconf 92' lang='lat' dir='ltr'>ludo</span> <span class='ocrx_word' id='word_1_114' title='bbox 660 1807 777 1871; x_wconf 88' lang='lat' dir='ltr'>talario</span> <span class='ocrx_word' id='word_1_115' title='bbox 802 1827 977 1871; x_wconf 87' lang='lat' dir='ltr'>consessus</span> <span class='ocrx_word' id='word_1_116' title='bbox 1001 1805 1085 1870; x_wconf 86' lang='lat' dir='ltr'>fuit:</span> <span class='ocrx_word' id='word_1_117' title='bbox 1110 1828 1219 1870; x_wconf 89' lang='lat' dir='ltr'>macu-</span> 
     </span>
     <span class='ocr_line' id='line_1_16' title="bbox 171 1909 1216 1996; baseline 0.001 -23"><span class='ocrx_word' id='word_1_118' title='bbox 171 1909 234 1973; x_wconf 90' lang='lat' dir='ltr'>losi</span> <span class='ocrx_word' id='word_1_119' title='bbox 246 1917 425 1987; x_wconf 68' lang='lat' dir='ltr'>senatores</span> <span class='ocrx_word' id='word_1_120' title='bbox 439 1909 521 1974; x_wconf 91' lang='lat' dir='ltr'>nudi</span> <span class='ocrx_word' id='word_1_121' title='bbox 534 1912 676 1996; x_wconf 78' lang='lat' dir='ltr'>equiteS,</span> <span class='ocrx_word' id='word_1_122' title='bbox 694 1910 820 1975; x_wconf 91' lang='lat' dir='ltr'>tribuni</span> <span class='ocrx_word' id='word_1_123' title='bbox 831 1933 898 1974; x_wconf 96' lang='lat' dir='ltr'>non</span> <span class='ocrx_word' id='word_1_124' title='bbox 911 1918 979 1974; x_wconf 89' lang='lat' dir='ltr'>tarn</span> <span class='ocrx_word' id='word_1_125' title='bbox 991 1911 1093 1975; x_wconf 90' lang='lat' dir='ltr'>aerati</span> <span class='ocrx_word' id='word_1_126' title='bbox 1106 1932 1216 1995; x_wconf 89' lang='lat' dir='ltr'>quam,</span> 
     </span>
     <span class='ocr_line' id='line_1_17' title="bbox 172 2014 1216 2101; baseline 0.005 -25"><span class='ocrx_word' id='word_1_127' title='bbox 172 2022 212 2077; x_wconf 92' lang='lat' dir='ltr'>ut</span> <span class='ocrx_word' id='word_1_128' title='bbox 226 2014 451 2099; x_wconf 87' lang='lat' dir='ltr'>appellantur,</span> <span class='ocrx_word' id='word_1_129' title='bbox 470 2016 606 2091; x_wconf 85' lang='lat' dir='ltr'>aerarii3</span> <span class='ocrx_word' id='word_1_130' title='bbox 631 2017 728 2101; x_wconf 88' lang='lat' dir='ltr'>pauci</span> <span class='ocrx_word' id='word_1_131' title='bbox 746 2023 857 2079; x_wconf 91' lang='lat' dir='ltr'>tamen</span> <span class='ocrx_word' id='word_1_132' title='bbox 872 2015 950 2079; x_wconf 93' lang='lat' dir='ltr'>boni</span> <span class='ocrx_word' id='word_1_133' title='bbox 974 2016 1115 2092; x_wconf 90' lang='lat' dir='ltr'>inerant,</span> <span class='ocrx_word' id='word_1_134' title='bbox 1133 2037 1216 2101; x_wconf 89' lang='lat' dir='ltr'>quos</span> 
     </span>
     <span class='ocr_line' id='line_1_18' title="bbox 172 2117 1269 2205; baseline 0.001 -24"><span class='ocrx_word' id='word_1_135' title='bbox 172 2118 350 2183; x_wconf 89' lang='lat' dir='ltr'>reiectione</span> <span class='ocrx_word' id='word_1_136' title='bbox 367 2117 484 2205; x_wconf 83' lang='lat' dir='ltr'>fugare</span> <span class='ocrx_word' id='word_1_137' title='bbox 502 2120 559 2184; x_wconf 90' lang='lat' dir='ltr'>ille</span> <span class='ocrx_word' id='word_1_138' title='bbox 575 2142 643 2183; x_wconf 96' lang='lat' dir='ltr'>non</span> <span class='ocrx_word' id='word_1_139' title='bbox 656 2127 821 2205; x_wconf 87' lang='lat' dir='ltr'>potuerat,</span> <span class='ocrx_word' id='word_1_140' title='bbox 836 2119 894 2205; x_wconf 91' lang='lat' dir='ltr'>qui</span> <span class='ocrx_word' id='word_1_141' title='bbox 910 2121 1031 2184; x_wconf 85' lang='lat' dir='ltr'>maesti</span> <span class='ocrx_word' id='word_1_142' title='bbox 1055 2121 1143 2185; x_wconf 92' lang='lat' dir='ltr'>inter</span> <span class='ocrx_word' id='word_1_143' title='bbox 1164 2122 1216 2185; x_wconf 89' lang='lat' dir='ltr'>sui</span> <span class='ocrx_word' id='word_1_144' title='bbox 1239 2137 1269 2182; x_wconf 75' lang='lat'>4⁵</span> 
     </span>
     <span class='ocr_line' id='line_1_19' title="bbox 172 2221 1217 2310; baseline 0.002 -24"><span class='ocrx_word' id='word_1_145' title='bbox 172 2221 349 2288; x_wconf 88' lang='lat' dir='ltr'>dissimiles</span> <span class='ocrx_word' id='word_1_146' title='bbox 373 2231 408 2288; x_wconf 89' lang='lat' dir='ltr'>et</span> <span class='ocrx_word' id='word_1_147' title='bbox 431 2232 615 2289; x_wconf 90' lang='lat' dir='ltr'>maerentes</span> <span class='ocrx_word' id='word_1_148' title='bbox 639 2223 800 2289; x_wconf 86' lang='lat' dir='ltr'>sedebant</span> <span class='ocrx_word' id='word_1_149' title='bbox 826 2231 861 2300; x_wconf 82' lang='lat' dir='ltr'>et</span> <span class='ocrx_word' id='word_1_150' title='bbox 890 2225 1089 2310; x_wconf 86' lang='lat' dir='ltr'>contagione</span> <span class='ocrx_word' id='word_1_151' title='bbox 1113 2226 1217 2309; x_wconf 89' lang='lat' dir='ltr'>turpi-</span> 
     </span>
     <span class='ocr_line' id='line_1_20' title="bbox 171 2326 1269 2413; baseline 0.003 -22"><span class='ocrx_word' id='word_1_152' title='bbox 171 2326 299 2392; x_wconf 89' lang='lat' dir='ltr'>tudinis</span> <span class='ocrx_word' id='word_1_153' title='bbox 323 2327 539 2393; x_wconf 86' lang='lat' dir='ltr'>vehementer</span> <span class='ocrx_word' id='word_1_154' title='bbox 562 2327 851 2412; x_wconf 86' lang='lat' dir='ltr'>pernrovebantur.</span> <span class='ocrx_word' id='word_1_155' title='bbox 898 2327 974 2404; x_wconf 86' lang='lat' dir='ltr'>Hic,</span> <span class='ocrx_word' id='word_1_156' title='bbox 999 2335 1039 2391; x_wconf 92' lang='lat' dir='ltr'>ut</span> <span class='ocrx_word' id='word_1_157' title='bbox 1065 2350 1217 2413; x_wconf 90' lang='lat' dir='ltr'>quaeque</span> <span class='ocrx_word' id='word_1_158' title='bbox 1249 2333 1269 2393; x_wconf 84' lang='lat'>4</span> 
     </span>
     <span class='ocr_line' id='line_1_21' title="bbox 171 2431 1213 2517; baseline 0.002 -22"><span class='ocrx_word' id='word_1_159' title='bbox 171 2452 223 2496; x_wconf 90' lang='lat' dir='ltr'>res</span> <span class='ocrx_word' id='word_1_160' title='bbox 253 2431 296 2496; x_wconf 92' lang='lat' dir='ltr'>ad</span> <span class='ocrx_word' id='word_1_161' title='bbox 326 2434 504 2497; x_wconf 89' lang='lat' dir='ltr'>consilium</span> <span class='ocrx_word' id='word_1_162' title='bbox 534 2433 649 2517; x_wconf 89' lang='lat' dir='ltr'>primis</span> <span class='ocrx_word' id='word_1_163' title='bbox 681 2431 964 2517; x_wconf 87' lang='lat' dir='ltr'>postulationibus</span> <span class='ocrx_word' id='word_1_164' title='bbox 996 2431 1213 2510; x_wconf 84' lang='lat' dir='ltr'>referebatur,</span> 
     </span>
    </p>
   </div>
   <div class='ocr_carea' id='block_1_3' title="bbox 169 2603 1225 3971">
    <p class='ocr_par' dir='ltr' id='par_1_4' title="bbox 169 2603 1218 3277">
     <span class='ocr_line' id='line_1_22' title="bbox 202 2603 1218 2656; baseline -0.002 -2"><span class='ocrx_word' id='word_1_165' title='bbox 202 2603 304 2654; x_wconf 55' lang='lat'>29:34.</span> <span class='ocrx_word' id='word_1_166' title='bbox 328 2605 403 2654; x_wconf 86' lang='lat' dir='ltr'>dum</span> <span class='ocrx_word' id='word_1_167' title='bbox 420 2605 540 2655; x_wconf 82' lang='lat' dir='ltr'>veritus</span> <span class='ocrx_word' id='word_1_168' title='bbox 558 2609 621 2656; x_wconf 83' lang='lat' dir='ltr'>est:</span> <span class='ocrx_word' id='word_1_169' title='bbox 639 2605 684 2654; x_wconf 86' lang='lat' dir='ltr'>tlre</span> <span class='ocrx_word' id='word_1_170' title='bbox 708 2604 845 2652; x_wconf 84' lang='lat' dir='ltr'>clemens</span> <span class='ocrx_word' id='word_1_171' title='bbox 857 2603 983 2652; x_wconf 84' lang='lat' dir='ltr'>lanista:</span> <span class='ocrx_word' id='word_1_172' title='bbox 997 2604 1218 2655; x_wconf 83' lang='lat' dir='ltr'>seconSnll.15.</span> 
     </span>
     <span class='ocr_line' id='line_1_23' title="bbox 171 2680 1217 2744; baseline 0 -13"><span class='ocrx_word' id='word_1_173' title='bbox 171 2682 274 2743; x_wconf 80' lang='lat' dir='ltr'>perfect</span> <span class='ocrx_word' id='word_1_174' title='bbox 287 2682 351 2731; x_wconf 86' lang='lat' dir='ltr'>with</span> <span class='ocrx_word' id='word_1_175' title='bbox 364 2683 436 2743; x_wconf 81' lang='lat' dir='ltr'>duna,</span> <span class='ocrx_word' id='word_1_176' title='bbox 452 2681 568 2743; x_wconf 65' lang='lat' dir='ltr'>‘while&#39;</span> <span class='ocrx_word' id='word_1_177' title='bbox 585 2683 606 2731; x_wconf 90' lang='lat' dir='ltr'>is</span> <span class='ocrx_word' id='word_1_178' title='bbox 614 2695 684 2744; x_wconf 87' lang='lat' dir='ltr'>rare;</span> <span class='ocrx_word' id='word_1_179' title='bbox 709 2683 745 2730; x_wconf 78' lang='lat'>18.</span> <span class='ocrx_word' id='word_1_180' title='bbox 782 2681 825 2729; x_wconf 88' lang='lat' dir='ltr'>He</span> <span class='ocrx_word' id='word_1_181' title='bbox 838 2680 924 2730; x_wconf 86' lang='lat' dir='ltr'>would</span> <span class='ocrx_word' id='word_1_182' title='bbox 938 2681 1073 2743; x_wconf 85' lang='lat' dir='ltr'>naturally</span> <span class='ocrx_word' id='word_1_183' title='bbox 1084 2695 1161 2742; x_wconf 80' lang='lat' dir='ltr'>space</span> <span class='ocrx_word' id='word_1_184' title='bbox 1174 2682 1217 2731; x_wconf 80' lang='lat' dir='ltr'>liis</span> 
     </span>
     <span class='ocr_line' id='line_1_24' title="bbox 172 2756 1151 2820; baseline 0 -13"><span class='ocrx_word' id='word_1_185' title='bbox 172 2759 244 2808; x_wconf 86' lang='lat' dir='ltr'>wlrat</span> <span class='ocrx_word' id='word_1_186' title='bbox 267 2759 289 2808; x_wconf 90' lang='lat' dir='ltr'>is</span> <span class='ocrx_word' id='word_1_187' title='bbox 309 2759 356 2806; x_wconf 89' lang='lat' dir='ltr'>the</span> <span class='ocrx_word' id='word_1_188' title='bbox 378 2757 484 2820; x_wconf 86' lang='lat' dir='ltr'>regular</span> <span class='ocrx_word' id='word_1_189' title='bbox 507 2758 607 2807; x_wconf 82' lang='lat' dir='ltr'>tense?</span> <span class='ocrx_word' id='word_1_190' title='bbox 639 2757 684 2806; x_wconf 86' lang='lat' dir='ltr'>in-</span> <span class='ocrx_word' id='word_1_191' title='bbox 707 2758 764 2807; x_wconf 89' lang='lat' dir='ltr'>best</span> <span class='ocrx_word' id='word_1_192' title='bbox 777 2771 839 2806; x_wconf 81' lang='lat' dir='ltr'>rnen</span> <span class='ocrx_word' id='word_1_193' title='bbox 851 2771 880 2806; x_wconf 88' lang='lat' dir='ltr'>as</span> <span class='ocrx_word' id='word_1_194' title='bbox 892 2756 974 2806; x_wconf 90' lang='lat' dir='ltr'>much</span> <span class='ocrx_word' id='word_1_195' title='bbox 986 2771 1015 2806; x_wconf 91' lang='lat' dir='ltr'>as</span> <span class='ocrx_word' id='word_1_196' title='bbox 1027 2756 1151 2820; x_wconf 86' lang='lat' dir='ltr'>possible.</span> 
     </span>
     <span class='ocr_line' id='line_1_25' title="bbox 171 2828 1217 2896; baseline 0.002 -14"><span class='ocrx_word' id='word_1_197' title='bbox 171 2834 359 2884; x_wconf 83' lang='lat' dir='ltr'>tercederet:</span> <span class='ocrx_word' id='word_1_198' title='bbox 372 2848 450 2896; x_wconf 88' lang='lat' dir='ltr'>seep.</span> <span class='ocrx_word' id='word_1_199' title='bbox 465 2835 506 2895; x_wconf 88' lang='lat'>68,</span> <span class='ocrx_word' id='word_1_200' title='bbox 518 2835 531 2896; x_wconf 67' lang='grc' dir='ltr'><strong>ξ</strong></span> <span class='ocrx_word' id='word_1_201' title='bbox 544 2833 584 2885; x_wconf 76' lang='grc' dir='ltr'>Ἷ2.</span> <span class='ocrx_word' id='word_1_202' title='bbox 605 2828 684 2883; x_wconf 73' lang='lat' dir='ltr'>sor·</span> <span class='ocrx_word' id='word_1_203' title='bbox 737 2833 838 2881; x_wconf 67' lang='lat'><strong>4244.</strong></span> <span class='ocrx_word' id='word_1_204' title='bbox 855 2832 931 2881; x_wconf 86' lang='lat' dir='ltr'>ludo</span> <span class='ocrx_word' id='word_1_205' title='bbox 954 2832 1074 2890; x_wconf 85' lang='lat' dir='ltr'>talario,</span> <span class='ocrx_word' id='word_1_206' title='bbox 1099 2832 1217 2896; x_wconf 85' lang='lat' dir='ltr'>‘variety</span> 
     </span>
     <span class='ocr_line' id='line_1_26' title="bbox 171 2909 1218 2972; baseline 0.002 -13"><span class='ocrx_word' id='word_1_207' title='bbox 171 2910 271 2967; x_wconf 77' lang='lat' dir='ltr'>dibus,</span> <span class='ocrx_word' id='word_1_208' title='bbox 301 2910 532 2960; x_wconf 85' lang='lat' dir='ltr'>‘wretchedness&#39;</span> <span class='ocrx_word' id='word_1_209' title='bbox 567 2910 683 2972; x_wconf 77' lang='lat' dir='ltr'>iugula·</span> <span class='ocrx_word' id='word_1_210' title='bbox 706 2910 798 2970; x_wconf 63' lang='lat' dir='ltr'>show!</span> <span class='ocrx_word' id='word_1_211' title='bbox 813 2925 843 2959; x_wconf 92' lang='lat' dir='ltr'>so</span> <span class='ocrx_word' id='word_1_212' title='bbox 854 2910 940 2959; x_wconf 87' lang='lat' dir='ltr'>called</span> <span class='ocrx_word' id='word_1_213' title='bbox 952 2909 1022 2959; x_wconf 82' lang='lat' dir='ltr'>from</span> <span class='ocrx_word' id='word_1_214' title='bbox 1034 2911 1081 2959; x_wconf 90' lang='lat' dir='ltr'>the</span> <span class='ocrx_word' id='word_1_215' title='bbox 1098 2911 1172 2961; x_wconf 86' lang='lat' dir='ltr'>dress</span> <span class='ocrx_word' id='word_1_216' title='bbox 1189 2912 1218 2961; x_wconf 84' lang='lat' dir='ltr'>of</span> 
     </span>
     <span class='ocr_line' id='line_1_27' title="bbox 171 2987 1215 3049; baseline 0.002 -14"><span class='ocrx_word' id='word_1_217' title='bbox 171 2991 238 3036; x_wconf 89' lang='lat' dir='ltr'>tum</span> <span class='ocrx_word' id='word_1_218' title='bbox 249 2988 299 3036; x_wconf 84' lang='lat' dir='ltr'>iri:</span> <span class='ocrx_word' id='word_1_219' title='bbox 313 2988 356 3036; x_wconf 82' lang='lat' dir='ltr'>for</span> <span class='ocrx_word' id='word_1_220' title='bbox 367 2988 437 3037; x_wconf 81' lang='lat' dir='ltr'>form</span> <span class='ocrx_word' id='word_1_221' title='bbox 454 2987 487 3036; x_wconf 85' lang='lat' dir='ltr'>cf.</span> <span class='ocrx_word' id='word_1_222' title='bbox 503 2987 568 3037; x_wconf 90' lang='lat' dir='ltr'>Sull.</span> <span class='ocrx_word' id='word_1_223' title='bbox 583 2987 629 3035; x_wconf 86' lang='lat'>21.</span> <span class='ocrx_word' id='word_1_224' title='bbox 643 2990 680 3038; x_wconf 89' lang='lat'>10.</span> <span class='ocrx_word' id='word_1_225' title='bbox 706 2988 752 3036; x_wconf 86' lang='lat' dir='ltr'>tlre</span> <span class='ocrx_word' id='word_1_226' title='bbox 785 2987 957 3049; x_wconf 82' lang='lat' dir='ltr'>performers‚</span> <span class='ocrx_word' id='word_1_227' title='bbox 990 2988 1071 3037; x_wconf 82' lang='lat' dir='ltr'>vestis</span> <span class='ocrx_word' id='word_1_228' title='bbox 1108 2987 1215 3048; x_wconf 83' lang='lat' dir='ltr'>talaris,</span> 
     </span>
     <span class='ocr_line' id='line_1_28' title="bbox 171 3062 1217 3125; baseline 0.001 -14"><span class='ocrx_word' id='word_1_229' title='bbox 171 3067 288 3113; x_wconf 82' lang='lat' dir='ltr'>tamen:</span> <span class='ocrx_word' id='word_1_230' title='bbox 307 3077 350 3113; x_wconf 91' lang='lat' dir='ltr'>see</span> <span class='ocrx_word' id='word_1_231' title='bbox 362 3078 396 3113; x_wconf 92' lang='lat' dir='ltr'>on</span> <span class='ocrx_word' id='word_1_232' title='bbox 410 3063 475 3113; x_wconf 89' lang='lat' dir='ltr'>Sull.</span> <span class='ocrx_word' id='word_1_233' title='bbox 490 3062 515 3111; x_wconf 92' lang='lat'>1.</span> <span class='ocrx_word' id='word_1_234' title='bbox 528 3065 556 3115; x_wconf 79' lang='lat'>7:</span> <span class='ocrx_word' id='word_1_235' title='bbox 575 3064 620 3113; x_wconf 86' lang='lat' dir='ltr'>the</span> <span class='ocrx_word' id='word_1_236' title='bbox 638 3064 680 3114; x_wconf 86' lang='lat' dir='ltr'>ab.</span> <span class='ocrx_word' id='word_1_237' title='bbox 706 3064 851 3125; x_wconf 86' lang='lat' dir='ltr'>‘reaching</span> <span class='ocrx_word' id='word_1_238' title='bbox 868 3068 897 3112; x_wconf 91' lang='lat' dir='ltr'>to</span> <span class='ocrx_word' id='word_1_239' title='bbox 916 3064 962 3113; x_wconf 87' lang='lat' dir='ltr'>the</span> <span class='ocrx_word' id='word_1_240' title='bbox 980 3063 1094 3114; x_wconf 86' lang='lat' dir='ltr'>ankles.’</span> <span class='ocrx_word' id='word_1_241' title='bbox 1130 3076 1217 3114; x_wconf 77' lang='lat' dir='ltr'>sena·</span> 
     </span>
     <span class='ocr_line' id='line_1_29' title="bbox 172 3139 1214 3201; baseline 0.001 -12"><span class='ocrx_word' id='word_1_242' title='bbox 172 3141 226 3190; x_wconf 86' lang='lat' dir='ltr'>abs.</span> <span class='ocrx_word' id='word_1_243' title='bbox 242 3140 366 3200; x_wconf 85' lang='lat' dir='ltr'>plumbeo</span> <span class='ocrx_word' id='word_1_244' title='bbox 378 3139 471 3201; x_wconf 80' lang='lat' dir='ltr'>plcdio</span> <span class='ocrx_word' id='word_1_245' title='bbox 483 3163 507 3188; x_wconf 89' lang='lat'>=</span> <span class='ocrx_word' id='word_1_246' title='bbox 518 3153 682 3201; x_wconf 79' lang='lat' dir='ltr'>qrrachcm</span> <span class='ocrx_word' id='word_1_247' title='bbox 704 3143 796 3196; x_wconf 84' lang='lat' dir='ltr'>tores,</span> <span class='ocrx_word' id='word_1_248' title='bbox 809 3139 1138 3200; x_wconf 77' lang='lat' dir='ltr'>equites,tribun1:-see</span> <span class='ocrx_word' id='word_1_249' title='bbox 1150 3141 1214 3190; x_wconf 86' lang='lat' dir='ltr'>Exc.</span> 
     </span>
     <span class='ocr_line' id='line_1_30' title="bbox 169 3214 1216 3277; baseline -0.002 -11"><span class='ocrx_word' id='word_1_250' title='bbox 169 3216 310 3276; x_wconf 82' lang='lat' dir='ltr'>plumbeus</span> <span class='ocrx_word' id='word_1_251' title='bbox 321 3218 390 3266; x_wconf 85' lang='lat' dir='ltr'>esset</span> <span class='ocrx_word' id='word_1_252' title='bbox 401 3216 520 3277; x_wconf 73' lang='lat' dir='ltr'>clodius.</span> <span class='ocrx_word' id='word_1_253' title='bbox 705 3216 742 3265; x_wconf 89' lang='grc' dir='ltr'>ΙΙ.</span> <span class='ocrx_word' id='word_1_254' title='bbox 762 3216 775 3277; x_wconf 66' lang='lat'>5</span> <span class='ocrx_word' id='word_1_255' title='bbox 790 3217 813 3265; x_wconf 84' lang='grc'>6.</span> <span class='ocrx_word' id='word_1_256' title='bbox 848 3215 952 3272; x_wconf 83' lang='lat' dir='ltr'>aerati,</span> <span class='ocrx_word' id='word_1_257' title='bbox 967 3214 1059 3266; x_wconf 76' lang='lat' dir='ltr'>‘rien’</span> <span class='ocrx_word' id='word_1_258' title='bbox 1094 3215 1216 3266; x_wconf 84' lang='lat' dir='ltr'>aerarii:</span> 
     </span>
    </p>

    <p class='ocr_par' dir='ltr' id='par_1_5' title="bbox 172 3291 1217 3508">
     <span class='ocr_line' id='line_1_31' title="bbox 203 3291 1217 3355; baseline 0.001 -14"><span class='ocrx_word' id='word_1_259' title='bbox 203 3293 252 3354; x_wconf 65' lang='lat'>§3-</span> <span class='ocrx_word' id='word_1_260' title='bbox 272 3292 373 3342; x_wconf 82' lang='grc'><strong>35-39.</strong></span> <span class='ocrx_word' id='word_1_261' title='bbox 391 3292 486 3349; x_wconf 86' lang='lat' dir='ltr'>exitu,</span> <span class='ocrx_word' id='word_1_262' title='bbox 499 3291 551 3341; x_wconf 89' lang='lat' dir='ltr'>abl.</span> <span class='ocrx_word' id='word_1_263' title='bbox 566 3293 595 3342; x_wconf 84' lang='lat' dir='ltr'>ol</span> <span class='ocrx_word' id='word_1_264' title='bbox 608 3293 682 3355; x_wconf 87' lang='lat' dir='ltr'>qual·</span> <span class='ocrx_word' id='word_1_265' title='bbox 704 3306 720 3341; x_wconf 90' lang='lat' dir='ltr'>a</span> <span class='ocrx_word' id='word_1_266' title='bbox 743 3307 799 3354; x_wconf 91' lang='lat' dir='ltr'>pun</span> <span class='ocrx_word' id='word_1_267' title='bbox 822 3307 857 3341; x_wconf 90' lang='lat' dir='ltr'>on</span> <span class='ocrx_word' id='word_1_268' title='bbox 875 3294 921 3341; x_wconf 87' lang='lat' dir='ltr'>the</span> <span class='ocrx_word' id='word_1_269' title='bbox 944 3298 997 3342; x_wconf 87' lang='lat' dir='ltr'>two</span> <span class='ocrx_word' id='word_1_270' title='bbox 1016 3304 1107 3342; x_wconf 86' lang='lat' dir='ltr'>senses</span> <span class='ocrx_word' id='word_1_271' title='bbox 1124 3293 1154 3342; x_wconf 82' lang='lat' dir='ltr'>of</span> <span class='ocrx_word' id='word_1_272' title='bbox 1171 3293 1217 3342; x_wconf 88' lang='lat' dir='ltr'>the</span> 
     </span>
     <span class='ocr_line' id='line_1_32' title="bbox 172 3367 1215 3431; baseline 0.002 -15"><span class='ocrx_word' id='word_1_273' title='bbox 172 3368 217 3431; x_wconf 89' lang='lat' dir='ltr'>ity‚</span> <span class='ocrx_word' id='word_1_274' title='bbox 232 3369 259 3417; x_wconf 91' lang='lat' dir='ltr'>in</span> <span class='ocrx_word' id='word_1_275' title='bbox 278 3369 413 3431; x_wconf 85' lang='lat' dir='ltr'>predicate</span> <span class='ocrx_word' id='word_1_276' title='bbox 431 3369 495 3417; x_wconf 88' lang='lat' dir='ltr'>with</span> <span class='ocrx_word' id='word_1_277' title='bbox 506 3367 567 3427; x_wconf 83' lang='lat' dir='ltr'>fuit</span> <span class='ocrx_word' id='word_1_278' title='bbox 584 3369 682 3418; x_wconf 87' lang='lat' dir='ltr'>under·</span> <span class='ocrx_word' id='word_1_279' title='bbox 704 3369 785 3430; x_wconf 87' lang='lat' dir='ltr'>word,</span> <span class='ocrx_word' id='word_1_280' title='bbox 807 3382 859 3418; x_wconf 91' lang='lat' dir='ltr'>one</span> <span class='ocrx_word' id='word_1_281' title='bbox 878 3368 1020 3431; x_wconf 86' lang='lat' dir='ltr'>explained</span> <span class='ocrx_word' id='word_1_282' title='bbox 1041 3367 1092 3420; x_wconf 87' lang='lat' dir='ltr'>IV.</span> <span class='ocrx_word' id='word_1_283' title='bbox 1111 3368 1157 3417; x_wconf 83' lang='lat'>15.</span> <span class='ocrx_word' id='word_1_284' title='bbox 1175 3369 1215 3429; x_wconf 79' lang='lat'>32,</span> 
     </span>
     <span class='ocr_line' id='line_1_33' title="bbox 172 3444 1110 3508; baseline 0.001 -14"><span class='ocrx_word' id='word_1_285' title='bbox 172 3445 256 3494; x_wconf 89' lang='lat' dir='ltr'>stood.</span> <span class='ocrx_word' id='word_1_286' title='bbox 302 3444 461 3505; x_wconf 77' lang='lat' dir='ltr'>sic:tole,</span> <span class='ocrx_word' id='word_1_287' title='bbox 487 3445 520 3494; x_wconf 82' lang='lat' dir='ltr'>cf.</span> <span class='ocrx_word' id='word_1_288' title='bbox 547 3448 589 3495; x_wconf 81' lang='lat' dir='ltr'>ttc</span> <span class='ocrx_word' id='word_1_289' title='bbox 611 3446 751 3501; x_wconf 83' lang='lat' dir='ltr'>Sull.,the</span> <span class='ocrx_word' id='word_1_290' title='bbox 763 3446 841 3495; x_wconf 88' lang='lat' dir='ltr'>other</span> <span class='ocrx_word' id='word_1_291' title='bbox 852 3461 878 3508; x_wconf 76' lang='lat' dir='ltr'>p,</span> <span class='ocrx_word' id='word_1_292' title='bbox 893 3446 1006 3507; x_wconf 81' lang='lat'>59‚§30</span> <span class='ocrx_word' id='word_1_293' title='bbox 1018 3445 1052 3495; x_wconf 90' lang='lat' dir='ltr'>ad</span> <span class='ocrx_word' id='word_1_294' title='bbox 1065 3446 1110 3495; x_wconf 86' lang='lat' dir='ltr'>lin.</span> 
     </span>
    </p>

    <p class='ocr_par' dir='ltr' id='par_1_6' title="bbox 171 3520 1225 3971">
     <span class='ocr_line' id='line_1_34' title="bbox 171 3520 1216 3584; baseline 0.004 -16"><span class='ocrx_word' id='word_1_295' title='bbox 171 3520 215 3568; x_wconf 86' lang='lat'>22.</span> <span class='ocrx_word' id='word_1_296' title='bbox 238 3523 278 3582; x_wconf 80' lang='lat'>28,</span> <span class='ocrx_word' id='word_1_297' title='bbox 303 3522 360 3571; x_wconf 91' lang='lat' dir='ltr'>also</span> <span class='ocrx_word' id='word_1_298' title='bbox 385 3521 528 3584; x_wconf 87' lang='lat' dir='ltr'>predlcate.</span> <span class='ocrx_word' id='word_1_299' title='bbox 565 3526 680 3572; x_wconf 84' lang='lat' dir='ltr'>eventu</span> <span class='ocrx_word' id='word_1_300' title='bbox 736 3523 784 3582; x_wconf 67' lang='lat' dir='ltr'>§t</span> <span class='ocrx_word' id='word_1_301' title='bbox 799 3521 900 3570; x_wconf 82' lang='lat'><strong>47-52.</strong></span> <span class='ocrx_word' id='word_1_302' title='bbox 920 3522 996 3571; x_wconf 85' lang='lat' dir='ltr'>Hic:</span> <span class='ocrx_word' id='word_1_303' title='bbox 1010 3523 1045 3572; x_wconf 84' lang='lat' dir='ltr'>cl.</span> <span class='ocrx_word' id='word_1_304' title='bbox 1056 3522 1122 3573; x_wconf 89' lang='lat' dir='ltr'>Sull.</span> <span class='ocrx_word' id='word_1_305' title='bbox 1135 3521 1216 3584; x_wconf 84' lang='lat' dir='ltr'>50.c;</span> 
     </span>
     <span class='ocr_line' id='line_1_35' title="bbox 171 3597 1218 3661; baseline 0.006 -18"><span class='ocrx_word' id='word_1_306' title='bbox 171 3631 222 3644; x_wconf 93' lang='grc'>,..</span> <span class='ocrx_word' id='word_1_307' title='bbox 240 3597 344 3646; x_wconf 85' lang='lat' dir='ltr'>initio:</span> <span class='ocrx_word' id='word_1_308' title='bbox 368 3598 475 3660; x_wconf 87' lang='lat' dir='ltr'>explain</span> <span class='ocrx_word' id='word_1_309' title='bbox 493 3599 539 3647; x_wconf 90' lang='lat' dir='ltr'>the</span> <span class='ocrx_word' id='word_1_310' title='bbox 557 3612 681 3661; x_wconf 84' lang='lat' dir='ltr'>arrange·</span> <span class='ocrx_word' id='word_1_311' title='bbox 702 3598 747 3647; x_wconf 87' lang='grc'>21.</span> <span class='ocrx_word' id='word_1_312' title='bbox 767 3601 792 3646; x_wconf 93' lang='lat'>1:</span> <span class='ocrx_word' id='word_1_313' title='bbox 816 3599 905 3648; x_wconf 86' lang='lat' dir='ltr'>notice</span> <span class='ocrx_word' id='word_1_314' title='bbox 923 3599 982 3647; x_wconf 89' lang='lat' dir='ltr'>that</span> <span class='ocrx_word' id='word_1_315' title='bbox 999 3600 1054 3648; x_wconf 87' lang='lat' dir='ltr'>tlris</span> <span class='ocrx_word' id='word_1_316' title='bbox 1072 3613 1119 3649; x_wconf 91' lang='lat' dir='ltr'>use</span> <span class='ocrx_word' id='word_1_317' title='bbox 1130 3599 1160 3649; x_wconf 79' lang='lat' dir='ltr'>ol</span> <span class='ocrx_word' id='word_1_318' title='bbox 1170 3599 1218 3649; x_wconf 90' lang='lat' dir='ltr'>the</span> 
     </span>
     <span class='ocr_line' id='line_1_36' title="bbox 172 3674 1218 3738; baseline 0.005 -17"><span class='ocrx_word' id='word_1_319' title='bbox 172 3678 247 3722; x_wconf 87' lang='lat' dir='ltr'>ment</span> <span class='ocrx_word' id='word_1_320' title='bbox 258 3674 288 3723; x_wconf 81' lang='lat' dir='ltr'>oi</span> <span class='ocrx_word' id='word_1_321' title='bbox 298 3675 345 3723; x_wconf 90' lang='lat' dir='ltr'>the</span> <span class='ocrx_word' id='word_1_322' title='bbox 354 3675 447 3724; x_wconf 87' lang='lat' dir='ltr'>words.</span> <span class='ocrx_word' id='word_1_323' title='bbox 484 3674 626 3723; x_wconf 84' lang='lat' dir='ltr'>reiectio:</span> <span class='ocrx_word' id='word_1_324' title='bbox 636 3689 680 3724; x_wconf 89' lang='lat' dir='ltr'>sce</span> <span class='ocrx_word' id='word_1_325' title='bbox 703 3675 775 3724; x_wconf 84' lang='lat' dir='ltr'>word</span> <span class='ocrx_word' id='word_1_326' title='bbox 788 3674 888 3737; x_wconf 83' lang='lat' dir='ltr'>always</span> <span class='ocrx_word' id='word_1_327' title='bbox 897 3675 1003 3737; x_wconf 86' lang='lat' dir='ltr'>irnplles</span> <span class='ocrx_word' id='word_1_328' title='bbox 1015 3677 1132 3738; x_wconf 85' lang='lat' dir='ltr'>surprise</span> <span class='ocrx_word' id='word_1_329' title='bbox 1141 3690 1172 3725; x_wconf 88' lang='lat' dir='ltr'>or</span> <span class='ocrx_word' id='word_1_330' title='bbox 1180 3677 1218 3725; x_wconf 88' lang='lat' dir='ltr'>ln·</span> 
     </span>
     <span class='ocr_line' id='line_1_37' title="bbox 173 3749 1215 3814; baseline 0.005 -16"><span class='ocrx_word' id='word_1_331' title='bbox 173 3749 237 3798; x_wconf 81' lang='lat' dir='ltr'>Exc.</span> <span class='ocrx_word' id='word_1_332' title='bbox 249 3750 286 3799; x_wconf 87' lang='lat'>11.</span> <span class='ocrx_word' id='word_1_333' title='bbox 298 3751 312 3812; x_wconf 61' lang='grc' dir='ltr'>ᾗ</span> <span class='ocrx_word' id='word_1_334' title='bbox 324 3751 347 3799; x_wconf 91' lang='lat'>8.</span> <span class='ocrx_word' id='word_1_335' title='bbox 383 3754 555 3808; x_wconf 82' lang='lat' dir='ltr'>accusator,</span> <span class='ocrx_word' id='word_1_336' title='bbox 568 3751 598 3801; x_wconf 89' lang='lat' dir='ltr'>L.</span> <span class='ocrx_word' id='word_1_337' title='bbox 611 3751 680 3800; x_wconf 90' lang='lat' dir='ltr'>Len·</span> <span class='ocrx_word' id='word_1_338' title='bbox 703 3751 852 3814; x_wconf 86' lang='lat' dir='ltr'>dignation.</span> <span class='ocrx_word' id='word_1_339' title='bbox 888 3751 1067 3800; x_wconf 80' lang='lat' dir='ltr'>consilium:</span> <span class='ocrx_word' id='word_1_340' title='bbox 1091 3767 1134 3803; x_wconf 88' lang='lat' dir='ltr'>see</span> <span class='ocrx_word' id='word_1_341' title='bbox 1150 3753 1215 3803; x_wconf 85' lang='lat' dir='ltr'>Exc.</span> 
     </span>
     <span class='ocr_line' id='line_1_38' title="bbox 172 3825 1217 3888; baseline 0.005 -14"><span class='ocrx_word' id='word_1_342' title='bbox 172 3825 245 3876; x_wconf 88' lang='lat' dir='ltr'>tulus</span> <span class='ocrx_word' id='word_1_343' title='bbox 257 3825 332 3887; x_wconf 83' lang='lat' dir='ltr'>Orus,</span> <span class='ocrx_word' id='word_1_344' title='bbox 346 3828 440 3877; x_wconf 92' lang='lat' dir='ltr'>consul</span> <span class='ocrx_word' id='word_1_345' title='bbox 452 3830 480 3876; x_wconf 92' lang='lat' dir='ltr'>in</span> <span class='ocrx_word' id='word_1_346' title='bbox 497 3828 536 3878; x_wconf 87' lang='lat'>49.</span> <span class='ocrx_word' id='word_1_347' title='bbox 572 3840 681 3877; x_wconf 82' lang='lat' dir='ltr'>censor</span> <span class='ocrx_word' id='word_1_348' title='bbox 704 3825 768 3884; x_wconf 83' lang='lat'><em>11.§</em></span> <span class='ocrx_word' id='word_1_349' title='bbox 784 3829 807 3876; x_wconf 86' lang='lat'>8.</span> <span class='ocrx_word' id='word_1_350' title='bbox 831 3827 1106 3888; x_wconf 81' lang='lat' dir='ltr'>postulationibus,</span> <span class='ocrx_word' id='word_1_351' title='bbox 1124 3829 1153 3879; x_wconf 91' lang='lat' dir='ltr'>in</span> <span class='ocrx_word' id='word_1_352' title='bbox 1170 3829 1217 3879; x_wconf 89' lang='lat' dir='ltr'>the</span> 
     </span>
     <span class='ocr_line' id='line_1_39' title="bbox 174 3901 1225 3971; baseline 0.006 -20"><span class='ocrx_word' id='word_1_353' title='bbox 174 3932 203 3951; x_wconf 84' lang='lat'>..</span> <span class='ocrx_word' id='word_1_354' title='bbox 217 3933 225 3951; x_wconf 86' lang='lat'><strong><em>.</em></strong></span> <span class='ocrx_word' id='word_1_355' title='bbox 239 3901 396 3953; x_wconf 74' lang='lat' dir='ltr'>reliceret:</span> <span class='ocrx_word' id='word_1_356' title='bbox 423 3916 469 3955; x_wconf 79' lang='lat' dir='ltr'>see</span> <span class='ocrx_word' id='word_1_357' title='bbox 490 3917 517 3968; x_wconf 92' lang='lat' dir='ltr'>p.</span> <span class='ocrx_word' id='word_1_358' title='bbox 541 3904 581 3965; x_wconf 82' lang='lat'>65,</span> <span class='ocrx_word' id='word_1_359' title='bbox 604 3905 618 3968; x_wconf 67' lang='grc' dir='ltr'><strong>ς</strong></span> <span class='ocrx_word' id='word_1_360' title='bbox 639 3904 679 3969; x_wconf 76' lang='lat' dir='ltr'>tr.</span> <span class='ocrx_word' id='word_1_361' title='bbox 704 3903 879 3969; x_wconf 86' lang='lat' dir='ltr'>preliminary</span> <span class='ocrx_word' id='word_1_362' title='bbox 893 3905 1225 3971; x_wconf 71' lang='lat' dir='ltr'>proceedlngs,demauds</span> 
     </span>
    </p>
   </div>
   <div class='ocr_carea' id='block_1_4' title="bbox 0 0 1344 4260">
    <p class='ocr_par' dir='ltr' id='par_1_7' title="bbox 0 0 1344 4260">
     <span class='ocr_line' id='line_1_40' title="bbox 0 0 1344 4260; baseline 0 0"><span class='ocrx_word' id='word_1_363' title='bbox 0 0 1344 4260; x_wconf 95' lang='lat' dir='ltr'> </span> 
     </span>
    </p>
   </div>
  </div>
 </body>
</html>
