2678 4260
163 243 227 315 364
517 249 721 310 aristotn'n
744 249 941 308 subnotari.

216 433 420 499 incredibilis
436 440 508 497 erat
522 432 683 496 severitas
700 431 794 494 nulla
812 431 972 494 varietate
996 430 1261 496 sententiarum:

161 555 192 601 ω
213 539 298 602 nihil
326 536 526 623 impetrabat
549 558 635 612 reus,
663 537 739 620 plus
766 535 949 598 accusatori
980 534 1131 610 dabatur,
1161 551 1296 618 quam·

215 643 425 730 postulabat3
451 640 677 726 triumphabat
687 678 729 685 —
742 639 822 723 quid
837 640 968 723 quaeris
980 639 994 702 ‘l
1004 678 1046 686 —
1056 638 1261 703 Hortensius

217 748 393 814 sevidisse
418 755 569 821 tantnm3
594 767 689 814 nemo
714 752 794 820 erat,
819 745 877 828 qui
902 744 998 807 illum
1015 766 1108 808 reum
1131 766 1169 809 ac
1193 765 1261 808 non

215 855 323 918 milies
363 851 620 917 condemnatum
665 848 891 913 arbitraretur.
949 848 1005 911 Me
1048 870 1128 913 vero
1174 856 1260 916 teste

215 957 379 1043 producto
395 955 493 1020 credo
511 963 543 1018 te
560 976 600 1018 ex
627 954 865 1034 acclamatione
890 952 1000 1017 Clodii
1023 952 1260 1020 advocatorum

161 1079 191 1124 ot
214 1060 347 1126 audisse
373 1082 459 1144 qnae
492 1058 719 1123 consurrectio
751 1055 900 1121 iudicum
932 1056 1022 1122 iacta
1052 1059 1107 1136 sit,
1139 1068 1179 1123 ut
1208 1081 1259 1124 me

215 1164 506 1238 circumsteterint,
526 1171 565 1226 ut
579 1170 692 1247 aperte
709 1162 825 1248 iugula
840 1183 901 1226 sua
916 1184 976 1247 pro
992 1184 1065 1228 meo
1088 1165 1196 1249 capite
1221 1164 1257 1228 P.

217 1270 336 1335 Clodio
353 1270 572 1334 ostentarint:
600 1289 685 1352 qnae
703 1267 783 1330 mihi
800 1290 851 1332 res
868 1268 975 1332 multo
991 1268 1259 1334 honorificentior

215 1376 287 1440 visa
303 1382 356 1439 est
371 1396 470 1459 quam
487 1382 546 1436 aut
563 1373 630 1447 illa,
647 1394 722 1436 cum
739 1372 846 1436 iurare
864 1372 912 1436 tui
930 1373 1020 1438 cives
1037 1372 1258 1439 Xenocratem

216 1481 446 1546 testimoninm
471 1477 636 1542 dicentem
664 1475 919 1562 prohibuerunt,
946 1485 1007 1542 aut
1029 1500 1105 1543 cum
1130 1477 1259 1544 tabulas

162 1599 191 1644 eo
214 1584 344 1649 Metelli
362 1583 543 1658 Numidici,
562 1605 636 1647 cum
654 1603 721 1657 eae,
741 1588 780 1645 ut
796 1603 866 1646 mos
882 1589 943 1658 est,
955 1581 1258 1660 circumferrentur,

215 1690 318 1753 nostri
337 1689 464 1753 iudices
487 1690 632 1772 aspicere
650 1687 852 1762 noluerunt3
876 1687 984 1752 multo
1005 1687 1095 1764 haec,
1113 1689 1258 1774 inquam,

174 1798 193 1859 5
216 1801 329 1857 nostra
341 1814 392 1857 res
409 1794 520 1855 maior.
567 1792 684 1874 ltaque
698 1789 846 1854 iudicum
863 1790 1010 1869 vocibus,
1028 1813 1105 1856 cum
1127 1814 1191 1879 ego
1213 1794 1259 1858 sic

215 1898 322 1974 abiis,
340 1907 378 1962 nt
396 1897 486 1961 salus
503 1897 638 1981 patriae,
657 1893 865 1971 defenderer,
883 1894 1010 1961 fractus
1034 1919 1111 1963 reus
1134 1906 1170 1962 et
1193 1919 1256 1962 una

215 2004 346 2087 patroni
372 2023 485 2066 omnes
512 1999 742 2067 conciderunt,
771 1998 811 2062 ad
840 2021 891 2064 me
917 2003 1177 2070 autemreadem
1200 2006 1255 2072 fre

161 2122 192 2171 65
216 2109 354 2191 quentia
384 2104 741 2190 postridieconvenit,
773 2125 915 2187 quacum
944 2106 1058 2173 abiens
1081 2112 1258 2177 consulatu

215 2209 289 2276 sum
305 2211 440 2275 domum
464 2211 632 2304 reductus.
679 2207 831 2273 Clamare
856 2212 1017 2292 praeclari
1041 2214 1258 2304 Ariopagitae
1287 2299 1288 2303 Ἰ

213 2409 255 2460 ior
267 2411 314 2459 the
331 2410 491 2471 production
506 2410 534 2459 oi
548 2409 649 2458 certain
665 2407 723 2456 wit·
748 2423 840 2460 enses:
863 2425 907 2461 see
924 2428 959 2463 on
983 2415 1189 2483 Sariurnriou,
1207 2419 1255 2470 At-

212 2500 312 2544 nesses,
329 2493 378 2536 etc.
748 2488 809 2536 tiro.
852 2487 1071 2550 Xenocratem,
1092 2509 1109 2544 a
1131 2495 1206 2560 pupil
1229 2496 1258 2546 oi

244 2562 345 2612 49-52.
368 2564 453 2612 nulla
465 2564 632 2611 varietate:
650 2561 875 2641 what'Smrates.
927 2567 1096 2628 tabulas,
1127 2571 1257 2623 ‘account

212 2639 267 2689 like
291 2642 445 2702 expression
468 2641 494 2688 in
527 2640 578 2688 lll.
609 2638 654 2687 13.
686 2638 848 2689 4?·b00ks.’

212 2716 430 2778 triumphabat.
469 2733 485 2766 a
528 2715 722 2778 colloquialism
778 2719 823 2770 60.
847 2721 969 2772 Metelli
981 2724 1147 2785 Numidici.
1165 2730 1257 2782 consul

212 2793 407 2854 forcandcbot.
444 2794 517 2855 quid
528 2792 658 2854 quaeris.
675 2792 723 2840 ‘in
748 2798 774 2845 in
788 2800 840 2855 109,
856 2801 902 2850 the
920 2816 983 2864 year
994 2804 1023 2852 oi
1041 2803 1159 2857 Atticus’
1175 2808 1255 2858 birth.

213 2870 306 2931 short,’
321 2884 338 2918 a
349 2884 472 2920 common
487 2871 592 2932 plnase,
604 2877 634 2920 to
645 2870 724 2918 mark
748 2873 833 2922 When
849 2875 883 2923 he
897 2890 951 2926 was
963 2878 1081 2944 brought
1098 2886 1127 2932 to
1144 2883 1206 2934 trial
1226 2885 1258 2934 de

212 2947 259 2996 the
282 2948 424 2997 transition
449 2947 519 2996 from
542 2947 638 2996 details
660 2953 687 2996 to
708 2962 723 2994 a
746 2953 903 3013 repetundis
919 2954 998 3014 (Exc.
1020 2957 1057 3008 II.
1079 2957 1140 3022 ii),
1153 2961 1200 3012 the
1216 2964 1256 3026 ju·

212 3023 318 3086 general
339 3030 491 3073 statement.
513 3025 631 3074 vidisse
657 3029 723 3074 tan·
748 3045 803 3080 rors
816 3032 921 3081 refused
935 3039 963 3084 to
975 3034 1057 3087 insult
1074 3038 1131 3089 him
1143 3039 1179 3103 by
1191 3054 1256 3091 eren

212 3102 286 3152 tum.
316 3101 383 3149 ‘had
417 3101 470 3150 had
504 3103 569 3151 such
601 3108 723 3166 penetra·
747 3107 857 3173 looking
868 3116 896 3159 at
908 3111 949 3161 his
961 3120 1096 3164 accounts.

212 3176 289 3224 tion!
778 3187 827 3246 §5-
847 3185 947 3237 63-66.
964 3188 1135 3240 fractus:
1152 3208 1189 3244 sc.
1209 3197 1256 3255 est,

244 3250 343 3300 53-59.
363 3253 469 3309 milies.
482 3255 624 3317 colloquial
645 3271 723 3317 exag-
750 3260 821 3313 ‘was
851 3265 992 3327 crushed3’
1028 3267 1131 3331 princp.
1163 3269 1259 3333 parts?

212 3329 341 3390 germion,
356 3343 385 3379 so
400 3332 425 3378 iu
439 3338 501 3380 next
517 3333 583 3381 line:
601 3349 643 3382 see
656 3335 720 3382 Exn.
748 3340 960 3399 conciderunt.
970 3357 999 3392 as
1012 3344 1039 3392 in
1054 3345 1090 3394 II.
1102 3345 1127 3393 5.
1138 3345 1161 3396 9.
1186 3359 1257 3408 qua·

212 3405 247 3454 V.
268 3406 280 3463 §
305 3407 342 3454 ]:'›.
379 3408 511 3464 audisse,
535 3425 610 3472 away
633 3411 672 3460 off
695 3413 721 3459 in
747 3427 824 3471 cum.
844 3424 908 3467 etc:
928 3434 971 3469 see
992 3435 1017 3483 p.
1032 3421 1071 3483 39,
1086 3422 1144 3484 §69
1158 3423 1192 3474 ad
1211 3423 1255 3474 fin.

212 3481 321 3544 Epirus!
362 3486 404 3541 ut,
428 3500 456 3534 as
480 3487 507 3534 in
529 3487 593 3537 Sull.
615 3487 661 3536 35.
683 3490 720 3537 14.
748 3491 893 3550 Clamare,
906 3495 968 3545 hist.
985 3497 1032 3547 ini.
1048 3498 1257 3562 Arinpagitae.

211 3558 311 3607 iurare
335 3561 453 3622 depenrls
482 3577 555 3624 upon
580 3566 723 3624 prohibue-
747 3570 794 3618 the
814 3570 874 3620 title
894 3573 923 3621 oi
945 3574 991 3623 the
1012 3576 1145 3626 members
1165 3578 1195 3628 oi
1213 3578 1258 3628 the

211 3639 294 3684 rani:
324 3639 357 3685 ci.
389 3640 495 3699 inprcdi
525 3642 722 3703 prohibuerint,
748 3647 855 3709 highest
875 3656 951 3698 court
974 3651 1003 3699 oi
1030 3652 1146 3714 Athens,
1171 3653 1258 3704 which

211 3711 287 3760 Caes.
306 3712 342 3760 ll.
356 3714 380 3760 4.
394 3716 421 3774 23
439 3716 512 3764 what
526 3717 548 3765 is
560 3717 606 3765 the
619 3719 724 3781 regular
748 3724 895 3773 assembled
912 3741 946 3774 on
962 3727 1035 3777 Mars
1048 3728 1105 3779 Hill
1124 3729 1259 3792 (Areopo-

210 3791 416 3839 construction?
450 3791 599 3841 cives:
612 3795 725 3846 Atheni·
748 3798 829 3861 pan:
848 3801 880 3849 ci.
897 3802 963 3852 Acts
976 3803 1039 3853 xvii.
1054 3805 1094 3854 22.
1130 3805 1188 3857 The
1200 3805 1259 3858 title
