2678 4260
504 287 585 340 cnr.
612 289 697 346 15-1o‚
722 290 736 351 s
758 289 845 339 asar.
1177 272 1240 339 175

140 458 409 524 contemnendus
429 458 557 535 fuisset,
575 483 683 545 neque
706 468 799 524 tanta
815 483 893 525 cura
909 469 1043 525 senatus
1060 467 1094 524 et
1115 483 1192 546 pop·
1228 477 1242 521 5

142 562 217 627 ulus
243 563 417 628 Romanus
439 565 688 649 suscipiendum
711 573 862 650 putasset
886 588 993 650 neque
1015 573 1065 629 tot
1086 586 1189 628 annos

140 668 301 753 gessisset
326 689 435 753 neque
461 675 555 733 tanta
585 669 691 756 gloria
716 669 753 731 L.
779 669 953 745 Lucullus,
978 691 1086 753 neque
1110 691 1189 733 vero

141 772 213 837 eius
240 772 323 836 belli
348 771 545 862 conficiendi
570 773 744 858 negotium
776 781 871 837 tanto
902 773 1015 837 studio
1045 774 1188 859 populns

142 877 314 941 Romarms
333 876 376 940 ad
399 875 460 940 Cn.
477 876 676 962 Pompeium
698 877 885 942 detulisset.
933 877 1038 942 Cuius
1061 900 1102 942 ex
1125 900 1190 941 om·

140 981 241 1046 nibus
265 982 397 1067 pugnis,
420 1003 506 1067 quae
529 989 611 1046 sunt
637 982 907 1059 innumerabiles,
931 983 985 1047 vel
1013 983 1198 1046 accerrima
1214 1001 1250 1044 rc

141 1087 225 1149 mihi
256 1085 391 1152 videtur
421 1087 488 1162 illa,
521 1108 713 1171 quaecum
746 1110 824 1174 rege
864 1088 1038 1152 commissa
1075 1095 1128 1151 cst
1156 1096 1191 1152 et

139 1213 273 1255 summa
297 1193 510 1256 contentione
536 1200 694 1278 pugnata.
742 1192 818 1271 Qua
840 1215 881 1256 ex
910 1212 1024 1278 pugna
1048 1213 1122 1256 cum
1155 1214 1188 1256 se

140 1296 200 1360 ille
226 1296 404 1380 eripuisset
430 1303 464 1360 et
488 1296 699 1380 Bosphorum
727 1295 944 1382 confugisset,
969 1317 1037 1380 quo
1068 1297 1190 1360 exerei-

141 1409 198 1465 tus
214 1399 305 1464 adire
322 1421 389 1463 non
406 1408 527 1484 posset,
545 1402 644 1464 etiam
663 1403 696 1463 in
718 1408 868 1465 extrema
891 1400 1027 1464 fortuna
1051 1408 1085 1464 et
1107 1399 1189 1486 fuga

139 1526 264 1570 nornen
285 1512 396 1569 tamen
419 1505 561 1569 retinuit
583 1507 722 1591 regium.
770 1505 889 1590 ltaque
913 1506 983 1590 ipse
1008 1505 1188 1590 Pompeius
1213 1521 1240 1565 15

139 1631 246 1695 regno
268 1630 418 1693 possesso
435 1631 477 1673 ex
501 1609 654 1674 omnibus
672 1611 737 1674 oris
762 1632 800 1674 ac
825 1610 911 1674 notis
935 1609 1070 1674 sedibus
1093 1609 1187 1672 hoste

139 1713 241 1798 pulso
267 1721 378 1778 tamen
401 1720 533 1777 tantum
562 1714 596 1776 in
624 1715 724 1777 unius
750 1715 859 1778 anima
886 1714 1010 1798 posuit,
1038 1721 1087 1789 ut,
1115 1734 1192 1776 cum

139 1819 262 1895 omnia,
295 1839 380 1902 quae
411 1818 467 1882 ille
495 1825 660 1895 tenuerat,
692 1817 829 1895 adierat,
861 1825 1019 1903 sperarat,
1050 1818 1188 1882 victoria

138 1921 336 2008 possideret,
365 1930 477 1987 tamen
503 1943 570 1985 non
595 1930 683 1999 ante,
708 1944 809 2006 quam
833 1923 929 1986 illum
952 1923 1023 1986 vita
1046 1922 1186 2006 expulit,

138 2026 265 2092 bellum
290 2025 482 2090 confectum
504 2025 671 2090 iudicarit.
717 2026 819 2091 Hunc
850 2034 889 2090 tu
920 2026 1058 2101 hostem,
1091 2024 1185 2100 Cato,
1209 2041 1240 2086 20

137 2132 337 2206 contemnis,
361 2126 514 2214 ‘quocum
553 2152 612 2214 per
649 2137 701 2194 tot
731 2152 834 2195 annos
873 2138 925 2195 tot
963 2131 1097 2215 proeliis
1135 2138 1187 2194 tot

97 2311 104 2321 ·
136 2237 354 2320 imperatores
373 2234 461 2299 bella
477 2242 664 2320 gesserunt,
682 2236 778 2300 cuius
795 2234 928 2320 expulsi
945 2243 980 2298 et
996 2235 1093 2299 eiecti
1117 2236 1187 2298 vita

138 2338 227 2403 tanti
253 2339 428 2402 aestimata
458 2345 518 2413 est,
545 2345 585 2402 ut
615 2346 720 2402 morte
751 2340 823 2403 eius
855 2341 1009 2403 nuntiata
1040 2338 1186 2423 denique

139 2442 266 2507 bellum
283 2440 473 2506 confectum
493 2441 734 2506 arbitraretur?
779 2442 853 2506 Hoc
869 2444 974 2529 igitur
989 2444 1023 2506 in
1040 2443 1127 2508 bello
1148 2443 1185 2505 L.

139 2601 327 2652 warwasstiil
345 2603 373 2652 in
391 2615 522 2666 progress,
536 2601 590 2650 and
607 2602 654 2650 the
673 2602 811 2664 kingdom.
854 2602 980 2660 adierat,
1006 2603 1053 2652 the
1081 2603 1186 2651 Roman

136 2693 236 2742 enemy
254 2678 411 2741 (Asiaticae
430 2678 594 2738 actiones,§
611 2678 651 2737 31,
674 2680 838 2740 possessione
867 2679 894 2726 in
924 2679 998 2728 Asia.
1039 2682 1186 2740 sperarat,

136 2754 181 2818 34)
203 2754 375 2817 unsubdued;
394 2753 454 2812 ille,
472 2755 586 2804 because
605 2752 654 2802 illi·
673 2756 841 2818 sorereignty
883 2769 947 2803 orer
990 2756 1037 2804 the
1080 2762 1186 2804 eastern

137 2831 277 2882 thradates
290 2845 344 2881 was
355 2845 416 2880 now
428 2830 504 2880 dead.
674 2831 764 2881 world.
1190 2845 1192 2848 ⁴

170 2907 254 2957 9-11.
272 2906 313 2956 ad
337 2906 527 2969 Pompclum,
556 2921 581 2968 p.
612 2907 652 2966 20,
705 2907 805 2956 21-23.
823 2911 879 2964 tot,
902 2908 997 2956 tanti:
1026 2921 1069 2957 see
1091 2922 1126 2958 on
1151 2909 1184 2968 1.,

136 2987 152 3048 §
174 2985 215 3034 23.
240 2996 312 3033 cum
334 2994 420 3045 rege:
443 2984 490 3033 the
513 2982 597 3032 battle
619 2982 653 3045 by
673 2984 719 3032 17.
738 2987 779 3047 111;
802 2986 916 3034 forense
928 2985 957 3033 oi
975 2987 1055 3046 tanti,
1069 2985 1104 3034 cf.
1118 2985 1132 3046 ξ
1146 2987 1183 3035 10.

136 3062 185 3111 the
203 3061 357 3123 Euphrates
374 3060 402 3108 ln
418 3060 452 3110 611
469 3060 491 3109 ls
509 3065 608 3109 meant.
673 3062 702 3111 31
713 3062 766 3110 and
779 3075 822 3110 see
834 3076 869 3111 on
883 3062 915 3120 1.,
929 3061 975 3110 22.
989 3061 1012 3110 8.
1043 3061 1184 3122 denique,

169 3137 217 3187 13.
237 3136 441 3199 Bosphorum,
464 3137 519 3197 i.e.,
544 3137 590 3185 tire
611 3135 655 3185 Ci·
674 3139 776 3200 though
789 3139 870 3200 going
882 3138 947 3186 with
961 3138 1006 3186 the
1024 3137 1098 3186 finite
1112 3138 1183 3189 verh.

136 3214 242 3264 merian
262 3213 407 3275 Bosporus,
431 3213 478 3262 the
498 3213 591 3262 straits
610 3212 654 3261 be·
673 3228 735 3275 may
758 3215 785 3262 in
804 3214 964 3263 translation
988 3215 1020 3262 he
1038 3215 1183 3263 connected

136 3299 225 3340 tween
248 3290 296 3339 the
317 3303 364 3339 sea
385 3290 415 3340 of
436 3289 513 3341 Atov
530 3290 583 3338 and
607 3288 654 3337 the
674 3291 739 3340 with
757 3291 804 3340 the
821 3291 863 3339 ab.
878 3290 949 3339 ahs:
969 3289 1032 3338 ‘not
1052 3290 1121 3339 until
1142 3291 1184 3338 his

136 3368 223 3418 Black
242 3367 302 3417 Sea
338 3366 397 3416 The
414 3367 544 3416 omission
562 3366 591 3416 oi
608 3364 653 3413 the
673 3368 754 3416 death
767 3381 821 3416 was
837 3366 1000 3416 announced
1013 3380 1075 3427 was,
1089 3366 1150 3416 etc!

135 3443 304 3508 preposition
325 3442 374 3506 (tn,
397 3443 455 3506 cd),
476 3443 499 3492 is
519 3443 653 3493 occasion·
704 3443 749 3491 24.
768 3443 970 3491 arbitraretur
995 3444 1017 3492 is
1045 3444 1109 3492 here
1126 3457 1184 3504 pas-

134 3521 189 3585 ally
210 3520 298 3570 found
322 3521 350 3569 ln
378 3534 456 3582 prose
476 3520 542 3569 with
565 3517 653 3568 Greek
672 3521 737 3581 sive,
751 3533 842 3580 avery
856 3533 914 3568 rare
932 3532 979 3568 use
996 3520 1025 3568 ot
1042 3521 1088 3568 the
1105 3519 1184 3581 depo

134 3600 229 3648 names
242 3596 272 3646 ot
284 3596 374 3658 places
386 3602 435 3646 not
446 3603 534 3647 towns
548 3597 575 3644 in
587 3609 637 3644 -ua
673 3602 747 3654 nent,
761 3603 809 3645 not
821 3603 849 3644 to
861 3596 893 3644 be
905 3595 1035 3645 confused
1048 3596 1111 3644 with
1125 3596 1184 3644 that

164 3674 211 3732 1⁷,
224 3672 271 3722 la
297 3673 331 3721 ln
350 3708 356 3720 .
375 3707 381 3720 .
401 3708 407 3720 .
426 3672 576 3734 posuit,
597 3671 651 3720 ‘at·
673 3673 752 3722 noted
765 3673 930 3733 on§20.22.
960 3672 1059 3732 igitur,
1071 3685 1101 3720 as
1112 3672 1139 3719 iu
1149 3671 1182 3731 1.,

133 3752 231 3803 tached
255 3765 288 3800 so
310 3749 393 3799 much
415 3749 580 3812 importance
603 3750 649 3798 to.’
671 3748 757 3810 9.1o;
779 3749 842 3797 here
864 3749 988 3811 carrying
1005 3749 1050 3799 the
1067 3745 1184 3814 thought

133 3839 211 3896 quae
236 3827 434 3884 tenuerat,
456 3825 499 3878 his
519 3826 652 3875 ancestral
672 3825 740 3876 back
752 3832 780 3875 to
791 3825 805 3891 ὅ
817 3825 849 3874 30
860 3824 894 3878 ad
906 3825 951 3878 fin.
