2678 4260
420 236 499 292 ore.
526 238 611 306 ran,
637 239 651 306 ς
674 239 759 295 rosi.
1095 229 1157 301 171

57 419 197 483 oratoris
238 418 326 484 boni.
381 419 437 484 Ab
467 421 528 486 hoo
559 423 645 486 enim
679 421 769 507 pacis
801 431 995 489 ornamenta
1033 427 1107 489 reti-

58 530 191 601 nentur,
224 523 266 589 ab
295 525 354 590 illo
385 524 463 590 belli
502 527 650 610 pericula
689 528 910 612 repelluntur.
968 529 1107 596 Ceterae

58 635 169 692 tarnen
194 630 340 694 virtutes
363 631 453 714 ipsae
477 653 537 714 per
567 654 601 696 se
634 633 779 696 multum
810 633 934 710 valent,
966 635 1106 710 iustitia,
1144 653 1159 696 5

58 731 149 808 fides,
179 732 298 818 pudor,
324 737 545 819 temperantia
555 760 563 811 3
595 736 718 820 quibus
745 746 787 814 te,
812 736 918 813 Servi,
943 741 1107 805 excellere
1200 795 1202 798 .

57 858 172 902 omnes
197 839 412 925 intellegunt.
460 839 527 904 Sed
551 862 640 905 nunc
667 841 707 906 de
736 841 857 907 studiis
881 843 923 906 ad
947 843 1105 909 honorem

56 939 231 1024 adpositis,
270 964 337 1007 non
378 943 418 1008 de
459 945 559 1008 insita
597 947 760 1030 cuiusque
794 947 920 1013 virtute
960 948 1106 1033 disputo.

58 1042 183 1108 Omnia
214 1046 278 1111 ista
314 1046 409 1112 nobis
448 1048 562 1112 studia
600 1048 641 1114 de
681 1050 834 1115 manibus
874 1055 1105 1128 excutiuntur,

55 1148 278 1235 simulatque
295 1152 401 1236 aliqui
419 1161 528 1218 motus
546 1176 653 1218 novus
670 1154 827 1219 bellicum
851 1179 968 1222 canere
985 1160 1105 1244 coegit.
1132 1174 1160 1218 10

58 1252 204 1330 Etenim,
221 1261 262 1318 ut
277 1255 325 1318 ait
341 1256 535 1342 ingeniosus
552 1261 650 1341 poeta
666 1266 701 1322 et
723 1268 841 1323 auctor
867 1261 963 1327 valde
990 1261 1105 1337 honus,

57 1359 256 1442 ‘proeliis
287 1361 572 1448 promulgatis
604 1363 790 1446 pellitur
814 1387 831 1429 e
859 1365 1007 1430 medio’
1040 1389 1105 1430 non

55 1462 166 1526 solum
194 1463 259 1527 ista
290 1473 401 1529 vestra
433 1466 571 1530 verbosa
602 1467 773 1532 simulatio
806 1469 1016 1552 prudentiae,
1048 1471 1107 1536 sed

56 1568 159 1632 etiam
202 1568 273 1652 ipsa
314 1569 373 1633 illa
416 1569 551 1634 domina
592 1593 714 1648 rerum,
759 1575 1009 1658 ‘sapientia3
1067 1579 1106 1639 vi

56 1674 314 1759 geriturreS‚
337 1678 558 1759 spernitur
576 1675 738 1740 orator'
757 1699 824 1741 non
840 1679 946 1742 solum
971 1679 1105 1744 odiosus
1131 1698 1158 1742 15

57 1780 93 1842 in
109 1778 251 1844 dicendo
267 1801 305 1845 ac
321 1780 457 1866 loquax,
469 1803 584 1846 verum
603 1783 702 1846 etiam
717 1782 882 1858 ‘bonus3
907 1784 1105 1852 horridus

58 1883 180 1950 miles
203 1885 385 1962 amatur,’
415 1893 564 1952 vestrum
594 1909 673 1951 vero
697 1886 846 1951 studium
876 1896 984 1952 totum
1009 1890 1104 1955 iacet.

58 1991 170 2055 ‘Non
197 2013 246 2056 ex
277 1993 360 2057 iure
392 2014 551 2056 manum
585 2000 837 2067 consertum,
869 1992 941 2057 sed
972 1991 1104 2067 ferro,'

56 2095 181 2179 inquit,
213 2104 313 2161 ‘rem
352 2095 577 2182 repetunt’·
623 2095 725 2175 Quod
754 2097 783 2159 si
823 2097 869 2160 ita
900 2105 971 2171 est,
1000 2097 1105 2171 cedat,

56 2201 186 2283 opinor,
219 2199 357 2285 Sulpici,
386 2200 495 2266 forum
525 2202 652 2276 castris,
684 2202 790 2264 otium
826 2201 976 2274 militiae,
1007 2202 1106 2265 stilus
1129 2218 1159 2262 ao

55 2303 182 2390 gladio,
212 2304 330 2369 umbra
361 2307 443 2380 soli3
467 2307 513 2369 sit
543 2304 689 2389 denique
722 2306 756 2366 in
780 2305 917 2369 civitate
941 2326 979 2368 ea
1001 2307 1107 2388 prima

55 2430 121 2483 res,
139 2416 274 2493 propter
294 2432 395 2495 quam
418 2412 489 2494 ipsa
510 2418 562 2474 est
580 2410 699 2473 civitas
722 2410 870 2473 onmium
895 2409 1059 2493 princeps·

101 2512 231 2578 Verum
248 2513 327 2578 haec
345 2513 430 2579 Cato
450 2515 589 2577 nimium
616 2535 676 2576 nos
702 2514 824 2577 nostris
849 2512 957 2577 verbis
983 2535 1103 2599 magna
1116 2518 1154 2580 81

56 2615 168 2682 facere
200 2616 408 2683 demonstrat
439 2626 473 2683 et
497 2617 618 2682 oblitos
646 2639 717 2682 esse
743 2617 868 2682 bellum
895 2617 979 2680 illud
1007 2640 1104 2682 omne

57 2719 326 2788 Mithridaticum
358 2745 433 2789 cum
466 2721 670 2786 mulierculis
702 2744 774 2787 esse
810 2729 955 2807 gestum.
1003 2720 1104 2800 Quod
1128 2740 1157 2784 aa

88 2947 153 3008 530.
172 2945 458 3011 8‚9.adpos1tis
477 2970 502 2994 =
523 2960 571 3006 ap·
590 2945 681 2994 taken.
724 2944 818 2995 Cicero
840 2944 1014 3008 intersperses
1031 2946 1105 2996 them

56 3024 102 3084 tia,
111 3023 225 3073 idoneis.
249 3023 342 3074 nobie
359 3059 365 3072 .
382 3059 388 3071 .
405 3059 411 3071 .
429 3023 469 3073 de
476 3021 570 3070 mani·
590 3021 654 3071 with
667 3028 817 3071 comments
829 3021 859 3071 oi
875 3021 918 3070 his
929 3036 999 3082 own,
1012 3022 1065 3071 and
1078 3028 1106 3072 to

55 3097 129 3148 bus:
147 3113 192 3149 see
203 3113 239 3149 on
251 3100 284 3158 1.,
297 3099 343 3149 16.
355 3101 394 3161 ei,
407 3099 446 3150 36.
589 3104 634 3159 get
645 3098 717 3147 their
727 3098 856 3161 meaning
866 3098 931 3160 they
940 3098 1037 3148 should
1049 3097 1105 3148 first

87 3175 191 3233 10,11.
209 3174 358 3225 bellicum
375 3188 493 3233 canere,
510 3189 571 3237 eog-
590 3174 622 3223 be
645 3174 708 3223 read
731 3175 765 3236 by
782 3175 946 3224 themselves
963 3189 993 3225 as
1010 3189 1027 3224 a
1043 3188 1106 3224 con-

55 3257 119 3300 nate
146 3251 308 3300 accusative.
361 3253 490 3312 poeta.
536 3249 567 3310 Q.
590 3251 685 3300 nected
715 3251 807 3302 whole.
860 3254 1011 3309 auctor,
1045 3250 1106 3300 ‘au-

55 3323 171 3382 Ennlus,
195 3323 262 3374 horn
286 3324 334 3374 239
360 3329 389 3376 at
417 3324 519 3373 Rudiae
542 3323 569 3372 in
591 3326 711 3389 thority.'

56 3400 166 3463 Apulia,
181 3415 235 3451 was
246 3414 299 3451 one
315 3401 345 3450 of
361 3401 408 3450 the
425 3399 531 3450 earliest
543 3401 571 3449 of
621 3400 667 3458 17,
684 3400 730 3449 18.
747 3401 836 3458 iacet,
864 3415 894 3450 as
923 3401 952 3450 in
980 3401 994 3462 ᾗ
1017 3399 1056 3473 17.Ι
1079 3401 1102 3450 6.

55 3478 101 3526 the
113 3477 219 3528 Roman
229 3482 315 3540 poete,
326 3477 379 3527 and
390 3491 444 3527 was
456 3477 571 3539 partica·
591 3488 631 3525 ex
644 3477 717 3535 iure,
729 3483 794 3527 etc:
812 3492 848 3527 sc.
868 3481 975 3538 occant,
989 3477 1043 3527 and
1061 3491 1105 3527 see

55 3553 119 3617 lar-ly
128 3553 252 3604 admired
262 3553 297 3614 by
305 3552 407 3603 Cicero.
437 3554 480 3603 He
490 3559 571 3603 wrote
591 3567 627 3602 on
639 3554 653 3615 ᾗ
664 3555 703 3603 26.
717 3555 740 3604 6.

55 3632 195 3693 eomedies,
209 3628 352 3693 tragedies,
363 3631 466 3691 satires,
485 3630 538 3680 and
556 3645 571 3679 a
622 3630 667 3679 21.
685 3624 794 3679 umbra
812 3631 874 3681 soli
888 3655 913 3680 =
927 3633 985 3682 otta
1003 3633 1032 3682 in
1048 3646 1106 3682 um·

55 3707 156 3772 history
163 3709 194 3757 of
207 3708 296 3756 Rome
307 3705 335 3753 in
349 3707 378 3756 18
391 3707 474 3756 books
486 3706 570 3756 called
591 3706 639 3756 bra
658 3709 724 3756 acto
736 3709 807 3757 ritae
824 3710 854 3757 in
871 3708 927 3757 sole
944 3710 1042 3758 cetae:
1060 3721 1105 3758 see

54 3785 177 3838 Annales
184 3783 260 3835 from
268 3780 358 3833 which
365 3782 441 3835 these
449 3782 517 3834 lines
525 3796 570 3833 are
590 3797 626 3835 on
646 3783 726 3847 Aria,
745 3784 810 3848 511.
829 3784 857 3847 83
876 3783 924 3836 the
943 3784 991 3838 lite
1009 3784 1039 3837 ot
1057 3785 1105 3840 the
