2678 4260
457 235 537 305 cnr.
562 257 586 316 c,
611 256 729 316 §13-15.
1118 248 1159 313 93

59 426 278 513 ignominiam
296 426 454 491 vitiorum
471 433 617 502 tuorum,
634 449 701 490 non
725 427 766 490 ad
783 427 997 493 domesticam
1017 439 1109 495 tuam

60 530 295 595 difficultatem
327 551 364 594 ac
395 531 650 615 turpitudinem,
681 531 742 596 sed
771 531 814 596 ad
847 554 1008 597 summanr
1040 557 1110 600 rem
1133 553 1162 597 ao

61 635 230 720 publicam
246 642 349 719 atque
365 633 409 698 ad
432 636 581 699 omnium
605 642 756 699 nostrum
772 637 877 700 vitam
899 637 1109 724 salutemque

61 740 243 825 pertinent.
290 739 450 804 Potestne
474 739 535 803 tibi
559 739 638 803 haec
662 740 733 814 lux,
752 739 908 816 Catilina,
929 749 990 806 aut
1010 742 1110 808 huius
1124 748 1161 810 15

62 843 146 908 caeli
161 844 300 928 spiritus
316 865 387 908 esse
404 842 583 934 iucundus,
595 865 670 906 eum
688 845 772 908 scias
788 865 859 908 esse
876 844 996 908 horum
1011 848 1111 910 nemi-

62 969 151 1023 nem,
168 948 228 1032 qui
244 948 372 1011 neseiat
387 954 421 1012 te
438 946 545 1032 pridie
563 946 731 1011 Kalendas
749 947 920 1012 Ianuarias
934 947 1060 1033 Lepido
1077 958 1111 1015 et

63 1047 168 1112 Tullo
192 1047 384 1112 consulibus
408 1049 541 1112 stetisse
566 1049 600 1110 in
624 1048 759 1111 comitio
783 1070 860 1112 cum
881 1049 958 1124 telo,
975 1071 1112 1113 manum
1134 1067 1163 1110 25

63 1153 241 1217 consulum
258 1159 294 1216 et
308 1152 498 1236 principum
514 1152 660 1215 civitatis
684 1152 989 1216 interficiendorum
1013 1174 1112 1218 eausa

63 1256 244 1340 paravisse,
263 1255 379 1319 sceleri
394 1276 432 1319 ac
448 1255 554 1319 furori
570 1263 630 1319 tuo
647 1277 713 1319 non
729 1263 876 1320 mentem
891 1257 1038 1340 aliquam
1053 1265 1113 1321 aut

63 1361 219 1424 timorem
234 1366 341 1434 tuum,
358 1358 417 1423 sed
432 1359 602 1423 fortunam
618 1359 736 1444 populi
760 1360 902 1424 Romani
918 1359 1113 1425 obstitisse?

64 1464 119 1529 Ao
135 1464 202 1528 iam
216 1463 276 1526 illa
300 1463 419 1526 omitto
447 1466 576 1548 (neque
602 1464 691 1528 enim
716 1471 797 1528 sunt
817 1471 878 1528 aut
900 1464 1039 1528 obseura
1054 1473 1114 1528 aut

63 1589 135 1632 non
150 1569 258 1632 multa
273 1567 448 1631 commissa
472 1570 607 1652 postea)
622 1592 630 1643 3
659 1570 817 1653 quotiens
840 1575 879 1632 tu
896 1590 947 1633 me
963 1567 1114 1654 designa·
1136 1584 1165 1628 ao

64 1680 152 1748 tum,
179 1673 333 1755 quotiens
365 1672 537 1737 consulem
564 1672 750 1736 interficere
781 1681 919 1736 conatus
945 1671 1001 1737 esi
1030 1680 1114 1757 quot

63 1796 130 1862 ego
155 1782 230 1839 tuas
253 1776 433 1859 petitiones
460 1776 508 1840 ita
535 1776 713 1851 coniectae,
734 1785 774 1840 ut
799 1777 899 1841 vitari
925 1799 1022 1861 posse
1047 1798 1113 1847 non

64 1879 271 1952 viderentur,
299 1899 402 1962 parva
432 1878 575 1964 quadam
606 1877 831 1944 declinatione
861 1887 905 1954 et,
937 1886 977 1942 ut
1006 1879 1112 1953 aiunt,

63 2004 202 2068 corpore
227 1981 353 2069 effugi!
386 1982 480 2046 Nihil
508 1981 701 2067 adsequeris
729 2004 838 2069 neque
866 1990 978 2047 tamen
1002 1984 1113 2047 conari

97 2164 144 2222 20,
157 2163 203 2213 21„
220 2163 443 2221 difficultatem,
463 2165 581 2214 ‘enrbar-
601 2165 691 2214 forum
720 2165 807 2214 where
843 2165 975 2227 meetings
1005 2165 1035 2215 oi
1068 2166 1115 2214 the

64 2241 218 2302 rassment‚'
232 2242 291 2303 ie,
304 2242 331 2289 in
348 2255 445 2303 money
458 2247 581 2302 matters;
601 2241 695 2303 people
723 2255 792 2290 were
819 2240 891 2301 held,
915 2255 960 2290 see
988 2241 1057 2289 Plan
1081 2242 1112 2291 B.

63 2333 110 2368 see
143 2318 286 2380 preceding
312 2326 385 2367 note.
429 2330 581 2366 summam
601 2330 673 2366 eum
700 2317 766 2366 telo
790 2317 893 2377 (zielo
920 2318 1077 2379 arrectum),
1099 2331 1116 2366 a

62 2407 139 2444 rena
160 2407 196 2456 p..
219 2395 292 2443 what
320 2394 343 2444 is
370 2395 417 2444 the
439 2394 520 2443 fuller
537 2409 582 2443 ex·
602 2395 669 2456 legal
687 2400 755 2443 tenu
780 2393 912 2456 implying
931 2393 1055 2442 criminal
1076 2395 1116 2442 in·

63 2470 209 2534 pressiori?
246 2470 296 2520 See
313 2484 349 2520 on
369 2471 431 2532 511,
451 2472 489 2520 13.
512 2483 582 2518 nos·
601 2476 668 2519 tent.
706 2483 837 2527 manum,
852 2471 884 2519 ‘a
901 2470 991 2531 band,’
1011 2471 1066 2530 i.e.,
1085 2471 1115 2520 ot

62 2551 156 2604 num,
178 2561 238 2610 gen.
262 2545 298 2609 pl.
317 2547 346 2596 oi
371 2561 428 2608 epo,
451 2547 582 2608 denoting
601 2547 740 2609 desperate
752 2560 823 2596 men.
1097 2608 1100 2614 .

64 2612 241 2686 possession.'
273 2622 355 2672 What
373 2625 395 2672 is
413 2625 460 2673 the
477 2623 582 2686 regular
632 2622 678 2672 29.
695 2623 815 2671 omitto.
848 2623 991 2672 Namethe
1004 2624 1116 2672 rhetori·

64 2699 277 2750 construction?
320 2701 370 2750 See
397 2715 433 2750 on
460 2700 513 2762 Μ,
539 2703 578 2750 22.
601 2699 641 2748 cal
659 2700 750 2762 ligure,
765 2700 830 2760 514,
845 2699 883 2749 14.
918 2699 1115 2761 nequeenim

65 2777 135 2827 This
157 2790 205 2827 use
227 2777 257 2827 of
279 2777 326 2827 the
348 2777 467 2840 genitive
496 2777 519 2826 is
544 2777 582 2826 al·
600 2779 681 2833 sunt,
699 2780 749 2826 etc.
766 2799 791 2824 =
804 2790 869 2826 auro
884 2779 909 2826 ct
926 2780 992 2825 uoto
1009 2779 1072 2825 aunt
1089 2780 1115 2825 et

64 2852 180 2904 lowable
204 2853 268 2916 only
290 2854 368 2904 when
391 2853 439 2902 the
456 2866 579 2916 pronoun
602 2853 688 2902 inulto
713 2853 797 2915 (olio)
823 2857 921 2914 posteo
950 2867 967 2902 α
992 2855 1017 2901 te
1046 2866 1115 2902 com-

64 2931 89 2980 is
108 2930 302 2992 aceompanied
324 2930 359 2992 by
380 2931 508 2990 omniurn,
527 2929 580 2978 and
601 2931 684 2978 inissa
696 2930 764 2977 sant.

64 3020 135 3057 even
146 3007 213 3056 then
224 3007 272 3056 the
283 3005 390 3072 regular
397 3006 581 3055 construction
628 3004 725 3061 32-34.
736 3005 912 3066 petitiones,
923 3007 970 3054 the
980 3004 1115 3055 technieal

64 3085 275 3134 haseommon.
310 3083 467 3144 Seeon§9.
483 3084 521 3130 12.
602 3081 1112 3143 tenniorthethrustsoiagladiator.

98 3161 164 3222 §15-
183 3158 229 3216 23,
237 3159 284 3207 24.
296 3171 374 3216 oum,
383 3158 482 3218 causei,
495 3160 543 3207 but
554 3163 582 3207 to
601 3161 658 3205 ut.
676 3193 682 3205 .
700 3193 706 3205 .
722 3158 909 3214 viderentur,
930 3158 1006 3206 ‘that
1027 3161 1047 3207 it
1069 3159 1115 3208 did

64 3237 99 3287 be
111 3243 195 3287 trans.
210 3235 323 3286 ‘when'
350 3235 450 3296 pridie
467 3233 581 3283 Kalen·
602 3241 649 3282 not
661 3248 731 3283 seem
744 3235 859 3295 possible
877 3239 905 3282 to
922 3235 1000 3282 avoid
1019 3235 1113 3282 them)

65 3312 238 3371 damam
255 3312 283 3375 b;
301 3311 333 3361 Θ.
352 3327 377 3374 p.
392 3313 450 3372 38ss
468 3312 503 3362 H.
523 3311 579 3369 437,
602 3302 660 3358 'l'l're
685 3309 798 3371 English
824 3309 906 3358 idiom
931 3311 1049 3370 requires
1069 3310 1115 3359 the

66 3392 96 3453 13
113 3387 145 3442 B.
172 3390 222 3440 144
242 3390 269 3440 2.
309 3388 429 3449 Lepido,
456 3391 517 3454 etc,
542 3386 762 3465 ctyirnpersonai
803 3386 882 3446 form,
924 3387 1029 3448 though
1068 3386 1115 3435 the

65 3482 94 3533 p.
104 3468 146 3531 23,
164 3465 231 3529 {30-
265 3462 364 3517 Cicero
374 3468 440 3528 puts
448 3463 499 3515 the
507 3462 577 3516 time
591 3462 681 3510 'Itatin
704 3462 806 3523 prefers
825 3463 872 3511 the
898 3463 1031 3524 personal.
1079 3462 1113 3513 Δ,

65 3557 120 3594 one
135 3540 194 3607 day
211 3536 315 3592 earlier
332 3537 406 3591 than
424 3538 507 3590 other
528 3553 576 3590 au·
604 3538 717 3601 330o13
736 3537 769 3589 G.
777 3539 840 3599 5283
859 3538 896 3589 H.
904 3540 961 3602 534,
973 3540 1000 3601 1;
1022 3539 1054 3592 B.
1064 3541 1113 3590 3¹32

66 3615 204 3671 thoritiea
605 3612 640 3677 t).
664 3612 865 3662 declinatione
872 3615 904 3660 et
913 3625 1046 3672 corpore.
1063 3613 1113 3664 See

95 3693 139 3743 25.
156 3688 342 3742 insomnio.
376 3688 410 3736 In
427 3689 473 3738 the
490 3690 581 3752 singu·
601 3705 637 3739 on
664 3693 678 3752 ᾗ
703 3693 725 3752 i,
749 3691 773 3749 ’1,
797 3689 850 3738 and
881 3695 963 3750 quote
991 3695 1044 3738 two
1071 3705 1116 3738 ex-

64 3771 103 3828 lar
113 3772 158 3825 the
172 3769 246 3827 word
259 3767 372 3823 denotes
383 3778 399 3813 a
411 3771 470 3835 part
488 3766 517 3816 oi
534 3767 580 3816 the
601 3767 711 3836 amplos,
739 3768 775 3820 ut
782 3765 875 3820 aiunt,
887 3763 1040 3832 frequently
1049 3765 1114 3819 used
