2678 4260
175 243 235 308 280
414 245 457 300 ru
478 246 689 300 carrorum
711 246 852 298 onsrro
874 244 1037 309 quaere.

209 429 261 486 rat,
274 437 366 486 sparos
378 420 426 472 aut
437 422 552 484 lanceas,
566 421 611 471 alil
629 435 720 485 praee.-
747 421 827 484 fugae
839 434 926 484 neque
941 421 1057 484 praesidi
1074 419 1160 471 ullam
1175 433 1260 486 spem,

178 503 283 550 lcutas
302 499 375 549 sudis
394 500 546 561 portabant.
582 499 633 548 Sed
649 503 721 561 post-
746 502 890 560 optumum
914 496 990 546 factu
1012 501 1087 546 ratus
1109 497 1139 547 in
1161 498 1209 548 tali
1232 512 1261 550 re

209 590 291 639 quam
308 575 447 624 Antonius
465 588 526 625 cum
544 575 665 624 exercitu
675 573 720 623 nd·
747 573 886 622 fortunam
910 572 972 622 belli
998 578 1139 637 temptare,
1165 575 1260 626 statuit

209 652 346 712 ventabat,
360 649 480 699 Catilina
496 664 543 712 per
554 650 656 698 montis
670 650 719 698 iter
746 662 808 698 cum
826 649 948 699 Antonio
965 663 1045 713 quam
1063 650 1181 714 primum
1197 664 1262 702 con·

209 728 305 788 iacere,
325 727 405 776 modo
425 726 458 775 ad
480 726 574 775 urbem
593 724 674 774 modo
691 725 720 773 in
747 723 845 789 digere.

210 803 325 853 Galliam
359 817 453 853 vorsus
487 808 574 851 castra
602 814 718 862 movere,

210 882 332 930 hostibus
339 881 507 929 occasionem
516 877 655 941 pugnandi
665 891 720 926 non

209 955 284 1003 dare:
304 955 428 1016 sperabat
440 953 595 1016 propediem
609 964 720 1013 magnas
778 953 823 1003 59.
864 991 871 1004 .
907 991 913 1005 .
948 990 956 1004 .
989 955 1131 1018 paululum
1142 970 1260 1006 commo·

175 1033 177 1038 ’
209 1031 299 1093 copias
318 1045 375 1080 sese
395 1031 560 1090 habiturum,
575 1029 598 1078 si
619 1028 720 1076 Romae
746 1035 828 1090 ratus,
843 1030 920 1093 signa
932 1043 1027 1079 cauere
1041 1031 1114 1080 iubet
1126 1037 1207 1093 etque
1219 1033 1259 1080 in·

176 1115 190 1160 t
209 1107 583 1168 soellinceptapatrarissent.
614 1105 721 1153 Interea
746 1108 862 1152 structos
874 1103 982 1154 ordines
995 1104 1023 1152 in
1043 1104 1130 1154 locum
1143 1119 1257 1168 aequom

209 1183 318 1231 servitia
329 1183 497 1244 repudiabat,
508 1184 585 1232 cuius
596 1183 675 1232 initio
684 1183 718 1231 ad
746 1178 862 1228 deducit.
910 1179 978 1229 Dein
1003 1181 1112 1230 remotis
1135 1183 1256 1230 omnium

208 1259 499 1321 eumrnagnaeeopiae
513 1260 717 1315 concurrebant,
746 1255 831 1316 equiS,
865 1269 917 1316 quo
947 1255 1078 1304 militibus
1108 1263 1256 1320 exaequato

208 1335 303 1397 opibus
322 1335 516 1384 coniurationis
530 1335 624 1396 fretus,
637 1335 719 1385 simul
746 1331 864 1392 periculo
895 1333 1001 1380 animus
1033 1332 1148 1396 amplior
1179 1340 1256 1393 esset,

128 1414 131 1418 ’
207 1411 326 1460 alienum
358 1411 414 1460 suis
447 1411 596 1460 rationibus
621 1413 719 1461 existu-
745 1405 802 1467 ipse
830 1406 910 1469 pedes
939 1408 1087 1456 exercitum
1119 1423 1168 1470 pro
1199 1409 1257 1459 loco

208 1501 294 1548 mans,
307 1487 392 1536 videri
412 1501 520 1537 causam
539 1489 638 1536 civium
656 1502 719 1537 cum
745 1486 825 1545 atque
832 1484 916 1544 copiis
927 1484 1044 1533 instruit.
1070 1484 1141 1534 Nam
1151 1487 1190 1534 uti
1202 1486 1256 1548 pla·
1274 1491 1289 1536 2

207 1564 291 1612 servis
302 1563 424 1626 fugitivis
436 1565 684 1614 communicavisse,
745 1558 825 1608 uities
837 1564 894 1608 erat
907 1560 978 1608 inter
987 1560 1109 1610 sinistros
1118 1563 1219 1611 montis
1230 1568 1257 1611 et

240 1638 284 1687 57.
302 1638 353 1688 Sed
387 1646 532 1701 postquam
565 1639 594 1689 in
630 1647 718 1690 castra
744 1633 779 1681 ab
788 1633 898 1682 dextera
906 1648 970 1695 rupe
981 1649 1083 1695 aspera,
1094 1642 1156 1685 octo
1164 1637 1256 1686 colror-

207 1714 320 1762 nuntius
338 1715 461 1776 pervenit
480 1715 580 1764 Romae
596 1717 719 1765 contusa.
745 1709 779 1758 tis
792 1710 820 1757 in
832 1710 921 1759 fronte
933 1711 1082 1770 constituit,
1094 1711 1257 1774 reliquarum

207 1789 309 1838 tionem
321 1789 495 1851 patefactam,
509 1791 542 1839 de
563 1790 680 1841 Lentulo
691 1797 718 1841 et
743 1784 821 1846 Signa
838 1785 866 1832 in
883 1785 1001 1834 subsidio
1019 1787 1103 1835 artius
1121 1787 1256 1837 conlocat:

207 1863 327 1933 Cethego
360 1867 509 1928 ceterisque
542 1881 609 1929 quos
637 1882 719 1929 supra
744 1859 777 1906 ab
789 1860 827 1908 eis
844 1861 1012 1909 centuriones
1024 1861 1121 1924 omnis,
1135 1861 1218 1913 lectos
1229 1865 1288 1913 et3

206 1941 354 1989 memoravi
382 1941 546 2003 supplicium
568 1948 717 2004 sumptum,
744 1941 877 1995 evocatos,
903 1940 1039 1997 praeterea
1065 1951 1099 1986 ex
1128 1939 1255 2001 gregariis

206 2015 335 2078 plerique,
349 2030 415 2078 quos
431 2018 464 2065 ad
483 2017 583 2066 bellum
602 2032 663 2079 spes
678 2033 719 2068 ra·
744 2010 875 2058 militibus
893 2017 1036 2072 Optumum
1060 2026 1194 2075 ‘luemque
1216 2028 1254 2063 Μ·

206 2092 332 2154 pinarum
345 2098 391 2140 aut
404 2107 536 2142 novarum
555 2107 644 2142 rerurn
663 2101 718 2144 stu·
744 2092 848 2134 maium
862 2086 889 2133 5¹¹
902 2087 1016 2147 primam
1026 2088 1110 2136 aciem
1120 2089 1252 2138 subducit·

205 2167 418 2224 diumillexerat,
428 2168 593 2229 dilabuntur,
603 2169 718 2232 reliquos
744 2160 773 2209 C·
798 2161 932 2209 Manlium
955 2162 983 2210 ⁵¹1
1007 2163 1109 2223 dextra,
1131 2164 1255 2214 Faesula·

206 2241 324 2291 Catilina
341 2257 388 2304 per
403 2244 503 2292 montis
520 2258 628 2305 asperos
645 2259 719 2306 mag.
744 2251 810 2286 num
823 2238 956 2299 quendam
965 2239 993 2286 in
1005 2239 1115 2289 sinistra
1123 2247 1254 2302 partecu·

205 2317 248 2366 nis
266 2317 407 2367 itineribus
426 2319 454 2366 in
466 2332 560 2380 agrum
572 2318 718 2368 Pistorien-
743 2327 801 2363 rare
819 2314 905 2362 iubet:
934 2314 990 2376 ipse
1013 2329 1075 2365 cum
1102 2315 1204 2367 libertis
1225 2323 1254 2367 et

205 2408 261 2442 sem
284 2393 393 2442 abducit
415 2409 447 2443 eo
467 2394 588 2455 consilio,
607 2396 648 2445 uti
669 2410 718 2458 per
743 2389 883 2439 calonibus
895 2392 1129 2454 propteraquilam
1137 2394 1252 2455 adsistit,

182 2492 189 2500 ·
205 2470 327 2536 tramites
339 2470 443 2520 occulte
452 2471 604 2533 perfugeret
614 2472 641 2520 in
655 2471 717 2522 Gal·
743 2480 823 2528 quam
836 2465 905 2515 beHO
918 2466 1053 2517 Cimbrico
1065 2468 1095 2518 C·
1110 2469 1213 2519 Marius
1225 2471 1253 2519 in

173 2543 270 2596 eliam
282 2544 497 2608 Transalpinam.
523 2546 561 2594 At
577 2545 608 2606 Q.
624 2547 717 2596 Metel.
742 2544 862 2591 exercitu
874 2543 999 2593 habuisse
1011 2544 1155 2596 dicebatur.

206 2620 246 2670 lus
259 2621 336 2670 Celer
348 2636 410 2670 cum
423 2622 507 2671 tribus
524 2621 675 2684 legionibus
687 2625 716 2672 ln
774 2618 813 2667 At
827 2633 860 2667 ex
872 2618 956 2668 altera
968 2626 1044 2682 parte
1061 2621 1090 2671 Ο.
1106 2621 1250 2683 Antonius,
1268 2621 1283 2666 4

204 2708 268 2758 agro
286 2697 386 2746 Piceno
403 2697 580 2759 praesidebat,
598 2712 631 2746 ex
648 2699 717 2748 diffi-
741 2695 853 2757 pedibus
864 2709 944 2758 aeger
954 2698 1026 2759 quod
1043 2699 1144 2758 proelio
1162 2701 1252 2750 adesse

204 2772 306 2822 cultate
328 2787 419 2822 rerum
437 2773 531 2822 eadem
552 2773 597 2837 illa
616 2776 716 2824 existu-
741 2772 879 2834 nequibat,
895 2772 932 2821 M.
950 2774 1056 2823 Petreio
1073 2774 1161 2838 legato
1179 2791 1253 2825 exer-

204 2862 290 2912 mans,
304 2863 371 2912 quae
384 2863 465 2912 supra
482 2849 608 2910 diximus,
623 2850 716 2901 Catili·
741 2849 825 2897 citum
842 2850 982 2911 permittit.
1019 2851 1280 2902 lllecolrortlsre-.i

173 2929 188 2973 3
204 2938 269 2972 narn
281 2925 390 2986 agitare.
427 2923 515 2987 Igitur
529 2925 574 2973 ubi
593 2926 644 2974 iter
658 2928 715 2977 eius
741 2929 855 2984 temnas,
870 2940 935 2987 quas
948 2926 1080 2975 tumultus
1098 2941 1179 2977 causa
1191 2943 1252 2978 con·

204 3014 238 3048 ex
255 3001 374 3064 perfugis
394 3002 529 3062 cognovit,
550 3007 637 3050 eastra
656 3018 716 3065 pro·
741 3003 891 3063 scripserat,
921 3004 949 3051 in
982 3004 1080 3064 fronte,
1112 3010 1174 3067 post
1207 3019 1251 3055 eas

204 3087 266 3135 pere
282 3074 367 3122 movit
385 3088 416 3123 ac
433 3075 483 3124 sub
502 3075 566 3137 ipsis
583 3076 715 3127 radicibus
741 3083 860 3126 ceterum
893 3080 1041 3128 exercitum
1069 3081 1098 3128 in
1125 3081 1250 3130 subsidiis

204 3149 337 3198 montium
350 3151 480 3211 consedit,
494 3165 546 3212 qua
558 3150 596 3199 illi
608 3152 715 3201 descen·
740 3154 823 3204 locatt
841 3156 898 3218 ipse
910 3170 979 3218 equo
991 3157 1151 3206 circumiens
1165 3172 1250 3207 unum

203 3232 249 3274 sus
277 3231 334 3274 erat
357 3227 384 3274 in
412 3225 527 3274 Galliam
550 3229 712 3289 properanti.
740 3246 873 3294 quemque
890 3234 1034 3283 nominans
1051 3234 1169 3296 appellat
1191 3236 1251 3284 hor-

204 3299 298 3363 Neque
310 3296 400 3350 tamen
410 3301 645 3365 Antoniusproeul
654 3304 715 3354 abe·
740 3312 814 3356 tatur
841 3316 925 3371 rogat,
956 3315 987 3358 ut
1015 3311 1189 3360 meminerint
1222 3326 1249 3360 se

172 3381 254 3436 4rat,
278 3382 371 3439 utpote
394 3378 440 3439 qui
468 3392 566 3440 magno
594 3381 714 3430 exercitu
740 3390 833 3432 contra
856 3383 973 3434 latrones
995 3386 1119 3447 inermos,
1140 3401 1188 3449 pro
1206 3402 1251 3450 pe-

204 3451 268 3501 locis
280 3452 450 3514 aequioribus
468 3453 609 3515 expeditus
627 3456 714 3504 tarda·
740 3460 791 3506 tria
814 3474 862 3521 pro
890 3460 989 3521 liberis,
1014 3476 1062 3523 pro
1092 3463 1145 3511 aris
1170 3470 1249 3526 atque

172 3532 245 3581 etos
258 3527 286 3575 in
298 3528 363 3590 iuga
380 3533 542 3589 sequeretur.
578 3530 629 3579 Sed
643 3531 714 3580 Cati·
740 3534 807 3583 focis
825 3536 881 3584 suis
898 3545 1007 3586 certare.
1045 3538 1134 3586 Homo
1153 3537 1278 3589 milita-6

203 3602 260 3651 lina
292 3610 437 3665 postquam
470 3604 543 3652 videt
576 3607 713 3655 montibus
739 3610 783 3666 ris,
803 3611 873 3672 quod
897 3612 1012 3673 amplius
1030 3627 1116 3662 annos
1138 3616 1250 3677 triginta

204 3683 284 3740 atque
309 3679 393 3740 copiis
416 3680 536 3728 hostium
560 3694 617 3729 sese
642 3681 714 3730 clau·
740 3684 864 3734 tribunus
880 3692 928 3735 aut
945 3688 1098 3748 praefectus
1116 3699 1164 3738 aut
1180 3691 1250 3753 lega·

203 3767 272 3820 sum,
291 3754 320 3803 in
337 3754 401 3803 urbe
417 3768 459 3804 res
476 3754 611 3816 advorsae,
625 3771 712 3820 neque
740 3764 783 3808 tus
795 3767 843 3809 aut
854 3767 960 3823 praetor
977 3776 1038 3811 cum
1051 3778 1149 3827 magna
1165 3765 1249 3831 gloria
