2678 4260
421 282 501 340 eir.
529 286 614 350 n-o,
638 283 652 351 e
674 285 761 341 arie.
1091 266 1155 338 583

56 478 128 525 esse
168 467 346 537 mortuum,
385 463 500 546 itaque
540 468 676 546 repente
709 463 849 526 Romam
887 461 1102 526 constituisse

56 565 230 649 proficisci.
277 565 377 629 Dixit
392 565 455 630 hoo
472 587 581 630 eomes
598 567 679 629 item
696 566 734 628 P.
753 566 861 641 Clodi,
887 565 925 628 O.
951 564 1101 629 Clodius

55 686 164 732 xvnr.
189 668 324 745 Videte,
341 669 480 746 iudices,
498 679 643 754 quantae
661 692 712 734 res
735 671 786 733 his
811 669 1012 736 testimoniis
1036 669 1105 732 sint
1115 673 1155 735 4⁷

55 771 240 837 confectae.
287 772 439 836 Primum
455 781 546 838 certe
559 773 721 837 liberatur
734 773 818 837 Milo
830 795 897 836 non
910 795 949 837 eo
962 773 1100 836 oonsilio

54 875 227 960 profectus
250 898 331 952 esse,
365 885 404 940 ut
430 877 647 941 insidiaretur
669 880 703 940 in
728 879 782 941 via
814 877 942 952 Clodio,
967 877 1101 960 quippe,

55 981 84 1043 si
108 981 163 1044 ille
194 981 313 1045 obvius
345 982 376 1046 ei
404 980 541 1046 iuturus
574 983 709 1045 omnino
741 1003 808 1044 non
840 989 921 1045 erat.
968 980 1099 1044 Deinde

57 1087 257 1167 (nonenim
282 1085 389 1162 video,
415 1107 475 1150 eur
497 1107 566 1151 non
590 1108 701 1151 meum
727 1107 862 1170 quoque
887 1106 983 1171 agam
1007 1098 1141 1170 nego-o

55 1189 161 1271 tium)
180 1191 285 1266 scitis,
311 1189 449 1265 iudices,
474 1189 589 1266 fuisse,
607 1193 665 1274 qui
690 1191 724 1253 in
748 1190 809 1254 hae
834 1190 1008 1276 rogatione
1031 1209 1103 1252 sua-

54 1291 165 1356 denda
204 1292 355 1358 dicerent
387 1294 527 1358 Milonis
560 1316 662 1358 manu
692 1294 827 1359 eaedem
857 1316 930 1358 esse
968 1292 1101 1368 factam,

53 1396 196 1460 e‘onsilio
213 1418 292 1483 vero
316 1399 448 1461 maioris
472 1399 625 1462 alieuius.
673 1398 729 1463 Me
753 1398 912 1463 videlieet
939 1398 1103 1461 latronem

54 1521 92 1563 ao
116 1501 274 1563 sicarium
304 1500 425 1565 abiecti
457 1501 608 1566 homines
640 1510 674 1566 et
704 1501 827 1585 perditi
858 1500 1098 1565 describebant.

54 1604 173 1667 lacent
210 1605 280 1667 suis
320 1604 474 1681 testibus,
515 1606 575 1689 qui
614 1604 771 1669 Clodium
809 1611 937 1690 negant
974 1625 1012 1667 eo
1050 1602 1156 1666 dioro

54 1709 204 1782 Romam,
222 1708 288 1771 nisi
305 1707 345 1772 de
364 1707 455 1794 Cyro
479 1709 642 1785 audisset,
668 1708 773 1773 fuisse
798 1708 995 1773 rediturum.
1043 1707 1103 1772 Re·

53 1814 189 1896 spirnvi,
206 1812 367 1877 liberatus
385 1834 475 1888 sum3
493 1835 559 1876 non
574 1835 699 1890 vereor,
714 1807 767 1888 ire,
781 1812 873 1897 quod
885 1834 926 1876 ne
936 1812 1099 1895 suspicari

54 1916 192 2000 quidem
209 1919 385 2000 potuerim,
404 1916 519 1981 videar
532 1917 566 1980 id
581 1919 757 2003 cogitasse.
804 1916 835 1979 N
838 1938 903 1980 unc
921 1937 1102 2000 persequar
1115 1918 1155 1980 48

53 2029 174 2085 cetera.
220 2019 307 2084 Nam
331 2023 479 2087 ooourrit
505 2021 609 2084 illud:
637 2021 767 2107 ‘Igitur
798 2042 839 2085 ne
867 2019 1007 2084 Clodius
1032 2020 1103 2103 qui·

52 2124 130 2188 dem
167 2124 209 2188 de
248 2124 379 2189 insidiis
411 2127 585 2212 cogitavit,
618 2126 777 2210 quoniam
808 2125 875 2188 fuit
905 2125 939 2186 in
971 2123 1104 2187 Albano
1128 2137 1156 2184 15

54 2228 255 2292 mansurus’
302 2228 337 2292 Si
355 2229 492 2313 quidem
508 2231 663 2294 exiturus
679 2229 723 2293 ad
739 2229 907 2293 eaedeme
931 2229 1012 2292 villa
1035 2249 1102 2290 non

54 2332 185 2395 fuisset.
233 2331 345 2396 Video
369 2334 458 2396 enim
481 2333 589 2408 illum,
607 2335 666 2417 qui
690 2333 822 2397 dicatur
838 2332 879 2396 de
897 2331 978 2416 Cyri
996 2338 1102 2395 morte

54 2437 240 2510 nuntiasse,
273 2458 341 2499 non
373 2435 407 2500 id
437 2438 622 2511 nuntiasse,
650 2436 709 2500 sed
738 2437 900 2501 Milonem
930 2436 1107 2521 appropin-

54 2561 167 2624 quare.
214 2539 301 2603 Nam
332 2539 479 2624 quidde
505 2539 594 2625 Cyro
619 2542 800 2616 nuntiaret,
830 2561 931 2625 quem
959 2539 1099 2604 Clodius

55 2646 160 2708 Roma
198 2644 410 2728 proficiscens
450 2644 631 2728 reliquerat
661 2645 882 2710 morientem?
928 2644 1005 2708 Una
1042 2643 1103 2718 fui,
1126 2658 1157 2704 20

54 2756 295 2813 testamentum
333 2748 434 2812 simul
473 2747 665 2834 obsignavi;
705 2756 945 2813 testamentum
990 2755 1103 2811 autem

54 2854 166 2936 palam
204 2852 332 2916 fecerat
369 2860 404 2917 et
441 2851 539 2914 illum
569 2852 724 2917 heredem
762 2861 797 2917 et
834 2875 886 2917 me
914 2853 1101 2936 scripserat.

88 3054 133 3103 29.
162 3055 194 3104 C.
218 3055 393 3115 Clodius,
411 3072 428 3107 a
451 3072 571 3122 younger
626 3056 639 3114 i
663 3059 702 3108 48.
728 3058 830 3107 14-19.
859 3057 997 3107 occurrit
1020 3057 1106 3115 illud,

55 3132 166 3180 brother
177 3132 206 3180 of
218 3133 341 3184 Publius.
595 3134 667 3185 ‘this
690 3137 827 3197 objection
850 3141 935 3185 meets
960 3134 1022 3183 me'
1069 3133 1106 3182 Sl

593 3211 726 3274 quidem,
745 3213 814 3274 ‘yes‚
835 3213 876 3262 if)
912 3212 984 3260 Here
1001 3211 1035 3258 he
1053 3211 1106 3259 dis-

89 3286 103 3346 }
126 3285 164 3337 47.
190 3286 504 3344 2-11.1iberatur‚
531 3286 570 3336 ‘is
593 3289 691 3337 credits
720 3288 843 3338 Schola’s
875 3293 962 3348 story:
997 3299 1040 3333 see
1068 3299 1104 3334 on

56 3362 176 3424 proved!
212 3363 329 3411 abiecti
351 3363 501 3421 homines,
524 3365 570 3413 the
592 3364 707 3424 §loll
743 3361 1102 3413 nuntiaretzformoodcf.

56 3440 179 3488 tribunes
191 3439 222 3499 Q.
237 3441 404 3502 Pomponius
417 3441 505 3490 Rufus
517 3441 568 3489 and
592 3438 656 3496 535.
670 3441 710 3488 42.

57 3515 88 3564 Ο.
113 3515 265 3565 Sallustius.
313 3514 429 3572 Iacent,
455 3516 519 3564 ‘fall
541 3522 570 3565 to
624 3515 726 3572 20,21.
744 3516 814 3567 Una
831 3516 890 3564 fui:
909 3529 944 3565 sc.
966 3529 1026 3564 cum
1047 3513 1106 3562 Clo-

56 3593 105 3640 the
132 3591 255 3652 ground,'
287 3591 349 3640 ‘are
377 3590 568 3641 overthrown.'
593 3592 647 3640 dio.
683 3591 911 3653 obsignavi:
935 3589 1103 3639 ‘endorsed'

55 3667 207 3716 testibus:
231 3667 275 3716 lor
295 3681 355 3716 ease
375 3681 420 3716 see
440 3681 476 3716 on
499 3667 567 3718 Sest.
593 3667 741 3718 Witnesses
764 3673 848 3718 wrote
870 3668 942 3717 their
958 3680 1052 3715 names
1069 3680 1105 3715 on

56 3743 102 3791 46.
126 3743 163 3794 l'l.
198 3742 296 3791 fuisse
321 3742 508 3791 rediturum:
527 3744 571 3794 lor
593 3744 639 3792 the
648 3744 717 3793 back
726 3744 756 3793 of
768 3744 1023 3799 suchadocument,
1034 3742 1106 3791 alter

55 3821 128 3870 torm
140 3833 184 3869 see
196 3833 232 3868 on
245 3818 311 3870 Sull.
325 3819 371 3867 22.
382 3820 423 3869 21.
593 3821 615 3869 it
626 3819 681 3869 had
694 3820 762 3870 been
774 3818 868 3883 signed
880 3818 934 3868 and
946 3817 1045 3867 sealed.
