2678 4260
159 215 223 288 232
420 229 560 284 calmo
583 228 623 282 m
646 227 859 282 curruumu
882 227 1027 282 rnarrn.

178 410 181 415 ’
211 405 278 472 bat.
325 406 440 490 Atque
464 403 508 467 ibi
533 403 822 468 vehementissime
846 402 1062 488 perturbatus
1086 399 1253 469 Lentulus

211 519 322 576 tamen
353 517 388 573 et
417 509 550 595 signum
581 515 616 572 et
646 529 780 571 manum
811 529 904 572 suam
933 509 1102 594 cognovit.
1148 509 1255 573 Erant

158 630 188 678 to
209 610 323 680 autem
345 615 417 678 siue
441 613 584 689 uomine,
608 611 668 677 sed
695 613 759 676 ita:
789 611 920 690 ‘Quis
953 613 1179 688 sim,scies
1202 636 1253 677 ex

211 717 681 804 eo,quemadtemisi.
720 716 1254 804 Oura‚utvirsis,etcog·

210 826 286 902 ita,
310 846 437 909 quem
460 824 504 887 in
527 823 674 886 locum
700 823 763 887 sis
796 843 1080 908 progressus.
1128 822 1253 898 Vide,

212 928 378 1015 ecquid
418 927 505 993 tibi
539 927 621 991 iam
655 928 718 990 sit
751 948 949 1003 necesse,
976 935 1020 992 et
1051 948 1168 1002 cura,
1207 936 1256 991 ut

212 1034 404 1100 omnium
428 1033 514 1098 tibi
537 1030 972 1118 auxiliandiungas,
996 1032 1131 1097 etiam
1155 1030 1256 1095 inii·

158 1155 187 1200 45
210 1160 329 1203 moru
342 1137 395 1201 m‘.’
443 1136 607 1201 Gabinius
624 1134 744 1201 deinde
760 1134 974 1200 introductus
987 1157 1064 1200 cum
1080 1137 1186 1221 primo
1197 1137 1255 1199 im-

212 1242 378 1328 pudenter
389 1241 588 1326 respondere
601 1241 775 1324 coepisset,
785 1239 828 1303 ad
841 1247 1029 1305 extremum
1046 1240 1129 1303 nihil
1145 1262 1187 1305 ex
1203 1241 1254 1317 iis,

160 1350 198 1412 13
211 1369 296 1432 quae
328 1346 419 1411 Galli
449 1345 699 1421 insimulabant,
723 1344 868 1430 negavit.
915 1344 968 1409 Ac
995 1343 1076 1409 mihi
1107 1343 1254 1429 quidem,

213 1451 373 1530 Quirites,
390 1472 466 1515 cum
483 1451 541 1514 illa
556 1450 740 1514 certissima
756 1449 827 1513 visa
842 1456 923 1523 sunt
937 1455 1135 1535 argumenta
1152 1456 1255 1533 atque

211 1555 336 1619 indicia
362 1554 505 1630 sceleris,
522 1553 674 1629 tabellae,
691 1555 797 1640 signa,
822 1574 951 1629 mauus,
980 1552 1125 1638 denique
1153 1553 1255 1616 unius

159 1675 189 1720 sc
210 1660 374 1744 cuiusque
391 1657 566 1735 confessio,
583 1665 656 1723 tum
672 1659 780 1722 multo
798 1658 939 1722 certiora
955 1658 1022 1732 illa,
1037 1658 1136 1733 color,
1154 1657 1253 1731 oculi,

212 1763 337 1839 voltus,
355 1764 575 1829 taciturnitas.
622 1761 675 1826 Sic
692 1763 779 1826 enim
798 1761 1052 1846 obstupuerant,
1069 1762 1116 1826 sic
1133 1768 1254 1826 terram

212 1865 441 1943 intuebantur,
458 1868 506 1931 sic
525 1865 642 1930 furtim
666 1888 732 1929 nou
758 1888 942 1951 numquam
966 1866 1054 1931 inter
1076 1885 1148 1930 sese
1171 1865 1257 1950 aspi·

212 1971 354 2047 ciebant,
371 1979 491 2035 utnon
509 1972 575 2034 iam
590 1970 632 2034 ab
647 1971 720 2034 aliis
738 1969 885 2046 indicari,
902 1969 961 2035 sed
978 1967 1123 2034 iudicare
1139 1990 1175 2034 se
1192 1968 1255 2054 ipsi

212 2076 417 2142 viderentur.

256 2198 303 2246 vl.
338 2181 474 2246 Iudiciis
491 2182 651 2267 expositis
671 2189 773 2266 atque
797 2180 906 2256 editis,
924 2181 1085 2260 Quirites,
1101 2188 1256 2245 senatum

213 2286 378 2360 consului,
407 2285 446 2350 de
485 2307 615 2350 summa
646 2308 680 2350 re
715 2284 851 2370 publica
881 2284 965 2370 quid
997 2285 1067 2349 fieri
1098 2285 1254 2370 placeret.

214 2390 333 2455 Dictae
349 2398 430 2454 sunt
452 2413 470 2454 a
487 2390 691 2475 principibus
708 2390 884 2454 acerrimae
901 2411 939 2455 ac
962 2388 1161 2454 fortissimae
1184 2392 1270 2454 sen!

214 2495 349 2569 tentiae,
361 2516 443 2578 quas
456 2503 592 2559 senatus
605 2495 676 2558 siue
693 2493 764 2557 ulla
781 2495 942 2559 varietate
959 2500 1012 2559 est
1026 2501 1171 2558 secutus.
1211 2492 1257 2557 Et

243 2690 289 2739 40.
306 2691 374 2740 sine
396 2692 560 2749 nomine,
590 2693 722 2742 ‘without
742 2704 811 2740 ora:
822 2693 869 2742 the
881 2693 1062 2754 comparative
1071 2692 1135 2741 here
1144 2692 1256 2742 denotas

212 2767 367 2830 signatura.5
419 2769 477 2817 'l'he
505 2769 624 2818 Romans
652 2783 723 2818 com·
742 2769 864 2831 ahigher
872 2769 966 2832 degree
976 2769 1005 2818 of
1017 2769 1063 2818 the
1075 2768 1178 2831 quality
1187 2769 1255 2818 than

212 2843 324 2892 menced
355 2844 425 2892 their
456 2844 548 2894 letters
577 2846 643 2894 with
674 2860 723 2895 our
743 2846 789 2894 the
812 2845 987 2907 superlative:
1016 2845 1044 2894 in
1067 2845 1141 2895 what
1168 2858 1254 2906 sense,

212 2920 312 2982 society
328 2920 410 2969 iorm:
428 2921 477 2969 Μι·Ι
498 2921 572 2970 John
590 2921 648 2970 Doe
666 2936 723 2984 pre-
744 2921 886 2981 therefore,
901 2921 923 2970 is
936 2921 981 2970 the
993 2921 1072 2970 latter
1083 2922 1171 2971 used?

212 3001 286 3045 senis
313 2997 356 3045 his
391 2996 580 3059 compliments
615 3003 644 3047 to
671 2999 720 3048 Mr.
775 2997 820 3044 52.
837 2997 918 3046 inter
929 2998 1059 3047 sesami.
1070 2997 1146 3048 Caes.
1156 2998 1178 3048 1.
1189 2996 1216 3047 3.
1227 2999 1255 3059 8;

213 3072 328 3121 Richard
341 3073 405 3122 Roe.
441 3073 507 3122 This
519 3074 573 3123 linc
586 3074 639 3123 had
656 3075 723 3124 been
744 3073 794 3124 IV.
806 3073 853 3123 25.
867 3074 891 3134 5,
904 3073 958 3122 and
970 3073 1079 3136 explain
1089 3074 1136 3123 the
1148 3074 1253 3136 phrase.

213 3147 326 3197 omitted
338 3149 372 3210 by
385 3149 524 3199 Lentulus.
775 3148 843 3198 Give
855 3149 902 3198 the
914 3149 1099 3199 construction
1112 3149 1142 3199 of
1153 3150 1200 3199 the
1211 3150 1256 3199 ab

244 3222 290 3271 41.
307 3236 352 3282 eo,
366 3225 449 3275 who?
472 3225 558 3282 Cura,
567 3227 638 3275 verb.
667 3226 722 3283 vir,
743 3223 838 3274 latites
859 3226 887 3274 in
904 3225 931 3275 ll.
952 3226 976 3288 4,
996 3227 1021 3288 8,
1042 3228 1081 3289 11,
1102 3227 1141 3288 19,
1160 3227 1201 3288 26,
1214 3227 1254 3287 29,

213 3299 344 3364 implying
358 3301 403 3350 the
415 3302 540 3364 qualities
552 3303 673 3352 summed
687 3317 723 3366 up
742 3301 782 3363 33,
795 3301 835 3362 37,
848 3303 887 3351 53.

213 3375 348 3425 invirtus.

244 3449 291 3508 45,
307 3451 353 3500 46.
371 3452 516 3513 primo..
534 3489 539 3500 .
558 3453 722 3515 coepisset.
774 3454 800 3511 1,
812 3455 837 3503 2.
855 3457 1017 3518 expositis,
1035 3456 1142 3506 editis:
1160 3471 1203 3507 see
1220 3471 1255 3507 on

212 3528 522 3591 acommonpleonasru.
744 3532 858 3593 §11.24.
888 3545 1009 3580 summa
1020 3545 1053 3581 re
1064 3532 1256 3594 publica:see

246 3605 259 3664 §
273 3604 310 3654 13.
330 3604 431 3653 48-50.
449 3604 509 3662 illa,
534 3606 596 3655 ‘the
623 3606 724 3656 follow·
744 3606 925 3657 0n1.11.13.

213 3679 278 3743 ing!
311 3680 345 3729 A.
365 3682 411 3730 102
424 3681 438 3730 b
452 3681 485 3730 ad
504 3682 564 3744 fin.;
582 3682 613 3732 G.
628 3685 684 3743 292,
697 3685 725 3744 4,
776 3683 801 3740 3,
813 3684 838 3731 4,
856 3683 1057 3747 principibus,
1071 3686 1132 3735 ‘tire
1149 3685 1257 3751 leading

214 3754 251 3807 H.
262 3756 341 3807 4603.
371 3758 547 3806 certissima
565 3796 570 3807 .
588 3795 594 3808 .
611 3795 616 3806 .
634 3760 724 3809 certi-
745 3760 884 3822 senators,'
895 3760 931 3811 all
940 3762 1002 3812 who
1010 3776 1079 3813 were
1087 3762 1171 3812 called
1183 3776 1256 3826 upon
