2678 4260
157 250 220 323 ato
420 267 559 324 omme
582 268 623 325 m
645 268 856 325 carrmmu
880 269 1024 324 narrum.

201 444 268 494 alios
289 446 428 495 iracundia
447 447 552 506 dicitur,
573 461 604 496 ea
622 448 648 495 in
669 445 715 496 imss
738 449 841 505 timere,
860 463 920 497 eum
941 463 1000 498 earn
1020 449 1046 497 in
1068 449 1169 498 maiore
1186 448 1287 513 neg-25

201 522 276 584 perio
287 523 412 583 superbia
424 528 504 584 atque
514 525 658 573 crudelitas
670 540 715 586 ap·
739 525 855 587 legeris?

165 606 193 651 15
202 598 323 660 pellatur.
359 599 491 665 Equidem
505 614 554 660 ego
566 601 604 648 sic
616 602 715 649 existu-
770 601 808 649 At
820 602 892 649 enim
905 601 965 663 quis
978 602 1163 663 reprehendet,
1177 602 1248 671 quod

201 690 254 731 mo,
265 681 355 737 patres
365 676 519 738 conscripti,
531 678 620 725 onmis
632 679 714 726 cruci·
738 679 764 725 in
789 678 934 740 parricidas
957 679 993 727 rei
1018 679 1140 740 publicae
1160 679 1249 728 decre-

201 753 714 814 atusminoresquaurfacinoralliorum
737 759 795 802 tum
811 755 886 802 erit?
920 755 1038 815 Tempus
1052 755 1109 803 dies
1129 756 1247 816 fortuna,

201 842 270 879 esse:
287 830 332 879 sed
341 829 462 892 plerique
474 829 601 878 mortales
614 836 714 892 postre-
736 831 813 880 cuius
830 831 922 880 lubido
941 832 1067 893 gentibus
1084 832 1245 881 moderatur,

200 920 245 954 ma
256 907 402 955 meminere
414 912 440 955 et
453 908 480 955 in
493 906 649 956 hominibus
667 908 715 955 im·
737 907 795 956 Illis
807 909 903 956 merito
914 909 1026 969 accidet,
1035 909 1162 972 quicquid
1170 923 1248 958 even·
1256 914 1285 960 26

200 982 251 1045 piis
264 982 369 1031 sceleris
381 996 473 1031 eorum
486 982 562 1031 obliti
576 983 609 1031 de
626 997 714 1045 poena
736 984 799 1046 erit;
834 990 953 1034 ceterum
982 999 1039 1046 ves,
1069 988 1248 1047 patres'cen-

200 1059 343 1117 disserunt,
357 1060 420 1110 siea
431 1060 512 1121 paulo
522 1060 639 1109 severior
650 1060 711 1110 fuit.
736 1060 837 1122 scripti,
861 1061 926 1123 quid
957 1061 983 1108 in
1019 1059 1086 1109 alios
1123 1062 1248 1109 statuatis

231 1136 264 1186 D.
278 1137 410 1198 Silanum,
421 1138 508 1186 virum
522 1137 620 1187 iortenr
632 1143 713 1200 atque
735 1137 910 1186 considerate.
955 1137 1054 1186 Omnia
1066 1137 1142 1191 ,mala
1159 1145 1283 1191 exem-27

163 1215 191 1259 16
200 1219 348 1272 strenuum,
362 1220 435 1262 certo
453 1213 509 1262 scio
525 1228 594 1275 quae
614 1215 713 1263 dixerit
736 1213 780 1275 pla
803 1228 837 1262 ex
857 1215 933 1262 bonis
956 1220 1016 1263 orta
1036 1220 1113 1275 sunt;
1135 1213 1181 1263 sed
1201 1214 1247 1276 ubi

200 1290 288 1339 studio
296 1291 332 1338 rei
341 1290 463 1352 publicae
471 1290 578 1346 dixisse,
589 1305 675 1352 ireque
685 1292 713 1339 il·
736 1291 878 1352 imperium
890 1290 923 1338 ad
940 1291 1045 1352 ignaros
1064 1290 1122 1339 eius
1139 1295 1187 1339 aut
1199 1291 1248 1339 mi-

200 1365 255 1415 lum
268 1367 296 1415 in
309 1373 422 1415 tentare
439 1368 553 1428 gratiam
564 1373 611 1416 aut
624 1368 712 1416 inimi·
735 1381 785 1415 nus
806 1367 890 1416 bonos
913 1367 1044 1429 pervenit,
1064 1380 1164 1417 novom
1181 1367 1247 1416 illud

199 1443 275 1492 eitlas
287 1457 422 1492 exercere:
439 1457 484 1492 eos
497 1457 583 1492 mores
600 1458 712 1506 eamque
734 1444 888 1506 exemplum
901 1444 935 1492 ab
947 1444 1036 1506 dignis
1048 1448 1075 1493 et
1092 1444 1196 1493 idoneis
1213 1444 1247 1494 ad

164 1524 189 1569 ii
200 1519 358 1569 modestiam
383 1521 433 1568 viri
452 1522 573 1582 cognovi.
609 1521 711 1572 Verum
736 1522 860 1584 indignos
875 1527 901 1569 et
919 1535 974 1570 non
992 1521 1103 1570 idoneos
1120 1520 1247 1570 transfer-

198 1600 332 1647 sententia
344 1599 401 1648 eins
413 1599 480 1647 milri
490 1613 546 1647 non
559 1600 710 1648 crudelis-
734 1604 785 1647 tur.
816 1597 1022 1646 Lacedaemonii
1036 1597 1150 1647 devictis
1162 1597 1283 1654 Atlreas

199 1675 262 1736 quid
275 1676 347 1723 enim
361 1677 388 1722 in
401 1675 463 1724 talis
473 1676 597 1725 lionrines
606 1676 712 1725 crudele
735 1675 871 1724 niensibus
882 1674 993 1734 triginta
1001 1674 1073 1724 viros
1085 1674 1245 1737 imposuere,

200 1751 634 1813 fieripotestl—sedalienaare
647 1754 712 1815 pub·
734 1752 777 1813 qui
797 1751 1005 1813 rempublicam
1032 1764 1124 1800 eorum
1149 1756 1247 1801 tracta·

161 1828 250 1877 181ica
276 1834 370 1877 nostra
393 1829 506 1878 videtur,
553 1829 624 1878 Nam
652 1844 712 1891 pro-
733 1834 801 1877 rent.
837 1829 868 1876 Ei
877 1829 963 1890 primo
971 1841 1082 1892 coepere
1091 1839 1283 1890 pessumum29

198 1907 269 1956 lecto
278 1913 325 1956 aut
335 1913 423 1956 metus
432 1912 480 1956 aut
489 1908 589 1957 iniuria
600 1913 627 1956 te
636 1910 712 1957 sube-
733 1919 865 1967 quemque
882 1910 909 1954 et
927 1906 1052 1955 omnibus
1070 1905 1189 1954 invisum
1206 1905 1244 1954 in·

197 1985 245 2044 git,
264 1984 363 2043 Silone,
382 1983 520 2032 consulein
540 1984 709 2046 designatum
733 1982 890 2030 demnatum
918 1996 1032 2033 necare:
1069 1997 1101 2033 ea
1130 1983 1245 2046 populus

197 2072 282 2122 genus
304 2074 406 2121 poenae
429 2074 528 2109 novom
557 2061 708 2109 decernere.
733 2058 824 2107 laetari
834 2064 861 2106 et
870 2059 1061 2108 meritodicere
1069 2060 1133 2109 fieri.
1170 2061 1281 2120 Poetae

161 2145 185 2182 m
198 2136 238 2185 De
247 2137 342 2185 timore
355 2148 592 2196 supervacaneum
609 2143 650 2185 est
659 2137 711 2186 dis·
733 2135 777 2183 ubi
791 2134 922 2197 paulatim
934 2135 1044 2185 licentia
1061 2137 1154 2196 crevit,
1169 2137 1245 2185 iuxta

197 2227 291 2273 serere,
310 2227 371 2262 cum
392 2214 550 2275 praesertim
570 2214 710 2276 diligentia
734 2210 816 2258 bonos
833 2215 860 2257 et
877 2209 961 2259 malos
979 2209 1129 2259 lubidinose
1146 2209 1245 2260 interfl-

197 2289 345 2338 clarissumi
358 2290 408 2337 viri
417 2289 536 2338 consulis
549 2294 626 2338 tanta
637 2304 710 2351 prae·
732 2300 799 2346 cere,
828 2290 930 2336 ceteros
958 2294 1033 2336 metu
1068 2292 1179 2336 terrere:
1207 2288 1280 2337 itaet

159 2367 264 2415 obsidia
273 2368 328 2415 sint
338 2367 365 2414 in
376 2367 466 2415 armis.
501 2365 543 2414 De
554 2380 642 2428 poena
651 2381 710 2429 pos·
732 2364 826 2413 civitas
848 2364 980 2413 servitute
1002 2377 1130 2426 oppressa
1146 2363 1244 2414 stultae

196 2457 255 2491 sum
272 2444 396 2505 equidem
416 2444 512 2504 dicere,
531 2444 557 2492 id
578 2444 648 2505 quod
668 2458 709 2503 res
731 2438 851 2490 laetitiae
888 2440 978 2503 gravis
1020 2454 1121 2502 peenas
1159 2441 1241 2490 dedit

197 2521 285 2580 babet,
297 2520 324 2567 in
337 2519 411 2568 luctu
421 2525 502 2582 atque
512 2520 627 2569 miseriis
640 2534 709 2569 mor·
731 2516 831 2566 Nostra
847 2516 977 2565 memoria
989 2517 1074 2567 victor
1091 2516 1165 2567 Sulla
1181 2522 1280 2568 eum32

196 2604 250 2645 tem
278 2611 469 2645 aerumnarum
498 2598 627 2659 requiem,
653 2612 707 2646 non
732 2593 927 2655 Damasippum
948 2598 976 2642 et
995 2593 1062 2643 alios
1082 2594 1140 2643 eius
1160 2593 1241 2656 modi,

195 2673 344 2722 cruciatum
362 2687 428 2732 esse,
446 2687 506 2721 eam
524 2677 622 2722 cuncta
640 2687 709 2723 nior·
730 2671 774 2732 qui
799 2670 870 2718 malo
892 2670 930 2719 rei
950 2669 1074 2732 publicae
1094 2675 1241 2734 creverant,

195 2749 291 2798 talium
300 2749 370 2797 mala
378 2748 530 2809 dissolvere,
541 2749 613 2799 ultra
621 2763 708 2812 neque
730 2746 844 2810 iugulari
866 2746 955 2809 iussit,
977 2747 1038 2810 quis
1061 2761 1116 2796 non
1139 2748 1243 2798 factum

195 2839 273 2874 curae
296 2840 382 2888 neque
404 2825 502 2887 gaudio
526 2824 615 2875 locum
640 2840 705 2875 esse.
730 2824 785 2873 eius
802 2822 956 2872 laudabat?
977 2823 1102 2873 hemines
1118 2824 1243 2874 scelestos

157 2909 184 2953 21
195 2903 254 2960 Sed,
268 2916 315 2964 per
332 2902 396 2950 deos
413 2901 583 2961 immortalis,
598 2916 707 2964 quamo-
730 2905 756 2948 et
773 2900 909 2960 factiosos,
928 2899 976 2962 qui
993 2899 1170 2950 seditionibus
1186 2914 1243 2950 rem

196 2978 268 3026 brem
281 2978 309 3026 in
321 2979 485 3027 sententiam
499 2992 554 3027 non
567 2978 705 3037 addidisti,
730 2975 864 3037 publicam
873 2976 1085 3039 exagitaverant,
1094 2977 1244 3026 meritone-

195 3055 234 3102 uti
257 3055 331 3116 prius
354 3054 509 3103 verberibus
531 3054 559 3102 in
583 3068 628 3104 eos
651 3056 708 3103 ani·
729 3053 930 3103 catosaiebant.
967 3052 1019 3103 Sed
1031 3067 1063 3102 ea
1075 3067 1117 3102 res
1128 3055 1279 3118 magnaeae

156 3130 428 3182 22nradvorteretur?
478 3131 522 3179 An
561 3131 625 3194 quia
665 3126 707 3180 ler'r
731 3129 839 3181 initium
852 3129 935 3178 cladis
944 3128 1007 3178 fuit.
1041 3128 1112 3179 Nam
1122 3131 1162 3178 uti
1171 3129 1244 3194 quis-

195 3208 289 3256 Porcia
300 3208 398 3257 vetat?
431 3207 469 3255 At
481 3206 549 3256 aliae
561 3206 632 3270 leges
643 3208 707 3257 item
730 3220 781 3268 que
798 3206 909 3256 domum
925 3211 974 3255 aut
985 3205 1088 3267 villam,
1107 3212 1243 3269 postremo
1322 3243 1327 3253 .

194 3284 380 3333 condemnatis
393 3284 495 3332 civibus
513 3298 569 3332 non
587 3285 707 3333 animam
730 3297 776 3332 vas
788 3287 835 3332 aut
847 3283 1039 3332 vestimentum
1051 3282 1164 3333 alicuius
1180 3297 1243 3333 eon·

193 3361 269 3422 eripi,
279 3360 326 3409 sed
338 3360 462 3409 exsilium
473 3360 593 3422 permitti
603 3361 704 3410 iubent.
730 3359 876 3421 cupiverat,
896 3359 977 3408 dabat
994 3373 1113 3422 operam,
1126 3364 1158 3409 ut
1174 3359 1197 3409 is
1213 3360 1243 3408 in

155 3438 239 3485 23An
277 3436 341 3499 quia
371 3437 478 3498 gravius
506 3441 546 3485 est
575 3437 707 3486 verberari
730 3436 941 3498 proscriptorum
955 3449 1069 3485 numero
1086 3441 1164 3486 esset.
1199 3436 1278 3487 Ilaec

193 3508 273 3574 qiram
291 3512 403 3561 necari?
442 3510 512 3571 Quid
529 3517 621 3562 autem
638 3527 708 3562 acer·
732 3512 778 3568 illi,
798 3512 894 3574 quibus
918 3512 1077 3575 Damasippi
1099 3527 1171 3563 mors
1190 3512 1243 3562 lae-

193 3591 256 3638 bum
271 3594 320 3638 aut
336 3589 417 3638 nimis
430 3603 510 3651 grave
530 3595 571 3638 est
589 3589 616 3637 in
634 3590 708 3638 lrorn-
731 3589 807 3637 titiae
819 3589 916 3650 luerat,
927 3588 1009 3651 paulo
1019 3595 1081 3652 post
1092 3590 1143 3653 lpsi
1155 3590 1243 3639 trane-

155 3667 251 3716 24ines
283 3666 353 3714 tanti
389 3665 516 3714 facinoris
549 3666 708 3715 convictos?
731 3665 838 3726 bantur,
849 3678 936 3727 neque
948 3667 1022 3728 prius
1032 3666 1093 3715 finis
1103 3664 1242 3730 iugulandi

153 3750 156 3754 ’
192 3740 240 3792 Sin
274 3743 338 3806 quia
365 3741 451 3791 levius
484 3748 533 3802 est,
566 3743 612 3804 qui
647 3756 709 3790 con·
731 3741 888 3803 fuit,quam
906 3740 980 3791 Sulla
997 3744 1086 3792 omnis
1102 3742 1242 3793 suosdlvi-

192 3819 268 3872 venit
297 3819 326 3870 in
353 3818 457 3867 minore
484 3819 594 3882 negotio
623 3818 708 3882 legem
731 3817 776 3866 tiis
784 3817 910 3882 explevit.
946 3817 1278 3885 Atqueegohaeenondb
