2678 4260
497 273 577 329 cnr.
601 275 689 340 31111,
714 276 838 340 19111.
1166 261 1230 330 613

133 450 168 513 in
195 445 367 515 hominum
391 457 488 515 coetu
516 451 632 536 gratiis
664 449 803 536 agendis
835 458 869 515 et
895 451 1178 536 gratulationibus

133 553 295 619 habendis
308 562 342 619 et
358 556 447 619 omni
464 576 615 619 sermone
629 554 843 619 celebramur.
877 554 1006 619 Omitto
1024 556 1178 621 Etruriae

134 658 237 724 festos
261 667 296 724 et
318 667 407 723 actos
432 666 468 723 et
495 660 667 722 institutos
696 657 777 723 dies.
825 659 1016 723 Centesima
1042 661 1102 723 lux
1126 667 1177 725 est

134 764 214 828 haec
231 763 272 828 ab
287 765 426 827 interitu
453 763 491 826 P.
510 762 607 827 Clodi
631 771 674 839 et,
693 764 819 847 opinor,
837 763 949 828 altera.
998 764 1073 843 Qua
1097 765 1178 830 fines

133 868 263 952 imperii
287 868 403 952 populi
433 869 574 932 Romani
597 874 687 943 sunt,
712 889 751 932 ea
774 889 841 931 non
867 868 975 932 solum
1002 867 1091 932 fama
1114 870 1177 933 iam
1201 887 1232 932 40

133 971 175 1035 de
200 972 267 1048 illo,
292 972 475 1036 sedetiam
499 972 628 1036 laetitia
655 973 853 1058 peragravit.
900 971 1010 1051 Quam
1034 972 1177 1048 obrem,

134 1075 191 1140 ubi
208 1097 328 1160 corpus
349 1076 411 1140 hoc
427 1078 480 1152 sit,
498 1075 587 1152 non,'
604 1076 725 1159 inquit,
745 1075 885 1152 ‘laboro
903 1077 1061 1160 quoniam
1078 1078 1179 1139 omni-

133 1181 196 1245 bus
212 1182 247 1243 in
264 1182 361 1245 terris
377 1189 412 1245 et
428 1182 492 1245 iam
513 1188 666 1245 versatur
689 1187 722 1243 et
746 1201 875 1264 semper·
898 1180 1062 1244 habitabit
1078 1183 1179 1244 nomi·
1235 1235 1238 1240 .

133 1285 185 1348 nis
202 1285 266 1349 mei
282 1284 409 1370 gloria’

178 1406 309 1452 xxxvi.
356 1389 448 1454 Haec
465 1397 501 1454 tu
526 1411 657 1454 mecum
680 1410 778 1473 saepe
802 1389 853 1452 his
877 1389 1090 1466 absentibus3
1118 1390 1176 1456 sed
1192 1395 1232 1457 99

133 1481 239 1557 isdem
255 1492 471 1557 audientibus
493 1493 572 1557 haec
590 1515 652 1578 ego
674 1501 797 1568 tecum,
816 1492 919 1557 Milo:
947 1494 1014 1558 ‘Te
1031 1495 1178 1578 quidem,

133 1619 210 1661 cum
227 1597 290 1662 isto
310 1599 420 1661 animo
444 1619 489 1673 es,
507 1598 587 1662 satis
613 1596 747 1660 laudare
771 1618 839 1660 non
863 1618 1008 1681 possum,
1026 1598 1094 1673 sed,
1111 1621 1179 1683 quo

133 1709 186 1766 est
216 1702 280 1766 ista
311 1702 416 1787 magis
448 1701 563 1766 divina
594 1701 711 1775 virtus,
739 1722 777 1765 eo
808 1701 931 1766 maiore
959 1723 978 1765 a
1005 1710 1038 1766 te
1066 1701 1179 1766 dolore

133 1806 286 1868 divellor.
332 1805 402 1869 Nec
431 1828 519 1881 ver0,
544 1806 571 1869 si
604 1805 683 1867 mihi
715 1806 860 1889 eriperis,
890 1805 1019 1890 reliqna
1046 1813 1098 1871 cst
1122 1807 1219 1870 illac

134 1919 246 1973 tamen
263 1908 306 1973 ad
321 1908 563 1973 consolandum
587 1909 747 1992 querella,
765 1915 805 1972 ut
827 1910 867 1973 iis
892 1910 987 1974 irasci
1011 1911 1144 1994 possim,
1160 1931 1180 1974 a

133 2013 257 2097 quibus
288 2021 421 2076 tantum
451 2013 576 2078 vulnus
607 2034 774 2096 accepero.
830 2013 906 2076 Non
937 2015 1026 2078 enim
1054 2014 1179 2078 inimici

133 2117 199 2181 mei
216 2124 248 2182 te
266 2117 346 2179 mihi
364 2118 515 2201 eripient,
529 2116 588 2181 sed
600 2117 801 2191 amicissimi,
816 2138 881 2180 non
899 2118 983 2182 male
996 2116 1179 2202 aliquando

133 2222 174 2285 de
199 2242 251 2284 me
275 2221 395 2297 meriti,
413 2220 473 2284 sed
496 2242 626 2305 semper
649 2220 794 2305 optime’
842 2221 984 2284 Nullum
1008 2244 1178 2306 umquam,

134 2325 273 2402 iudices,
291 2325 372 2388 mihi
389 2332 521 2389 tantum
544 2323 691 2389 dolorem
716 2317 857 2389 inuretis
877 2327 960 2410 (etsi
977 2327 1052 2410 quis
1069 2334 1179 2410 potest
1205 2345 1232 2390 10

133 2453 205 2496 esse
223 2430 397 2513 tantusi),
411 2429 471 2494 sed
488 2452 527 2493 ne
545 2430 634 2494 hunc
652 2429 789 2513 quidem
806 2431 926 2514 ipsum,
938 2439 977 2494 ut
993 2430 1177 2508 obliviscar,

134 2535 254 2618 quanti
270 2556 322 2598 me
346 2555 477 2618 semper
499 2533 655 2598 feceritis.
703 2533 798 2612 Quae
817 2535 846 2598 si
862 2555 922 2599 vos
939 2535 1029 2619 cepit
1044 2534 1178 2612 oblivio,

132 2646 193 2702 aut
208 2638 237 2703 si
252 2638 287 2700 in
304 2660 355 2703 me
379 2636 509 2722 aliquid
532 2635 730 2714 offendistis,
747 2660 808 2702 cur
831 2660 898 2703 non
922 2639 958 2703 id
981 2661 1054 2703 meo
1070 2640 1178 2725 capite

132 2743 247 2828 potius
270 2742 378 2806 luitur
401 2763 502 2826 quam
528 2741 692 2806 Milonis?
740 2742 913 2807 Praeclare
939 2743 1026 2807 enim
1053 2745 1178 2821 vixere,

167 2957 230 3018 §98.
244 2955 345 3004 37-40.
363 2955 559 3004 Etruriae...
572 2955 647 3012 dies.
671 2961 711 3005 set
722 2957 781 3006 free
798 2954 821 3018 (i
839 2957 906 3020 101),
923 2958 976 3007 and
993 2958 1071 3007 allow
1088 2956 1182 3007 Cicero

136 3035 198 3083 ‘the
208 3032 330 3082 festivals
342 3033 371 3081 of
382 3033 499 3092 Etruria,
509 3033 575 3081 both
582 3033 648 3095 kept
670 3039 699 3082 to
718 3033 788 3083 have
809 3034 910 3095 proved
928 3035 970 3084 his
990 3034 1125 3095 gratitude
1147 3034 1182 3096 by
1215 3051 1221 3064 ·

134 3110 188 3159 and
201 3109 348 3171 appointed
361 3113 390 3158 1ο
401 3109 434 3158 be
451 3108 537 3171 kept,'
551 3109 606 3170 i.e.,
620 3114 648 3158 1ο
670 3110 713 3160 his
722 3110 868 3160 successful
876 3111 987 3161 deience
996 3109 1037 3173 (ξὲ
1048 3111 1101 3168 102,
1113 3109 1178 3172 103).

134 3186 268 3234 celebrate
290 3185 362 3234 their
383 3184 552 3234 deliverance
577 3185 648 3233 from
671 3187 729 3236 The
740 3201 814 3236 same
826 3187 962 3250 gratitudo
970 3189 991 3236 is
1000 3187 1090 3249 ieitby
1098 3187 1182 3236 Rome

135 3262 257 3312 Clodius.
291 3260 360 3319 Qua
373 3297 378 3308 .
391 3297 397 3308 .
410 3297 415 3308 .
433 3273 477 3318 ea,
497 3260 649 3310 ‘wherever
672 3261 697 3325 (ᾗ
712 3262 778 3326 104),
790 3265 844 3313 and
857 3265 1001 3326 Pompeius
1014 3269 1060 3313 too
1072 3263 1125 3312 will
1143 3277 1183 3312 re·

136 3376 142 3388 .
163 3376 168 3389 .
190 3375 196 3388 .
216 3337 311 3399 there,'
325 3337 377 3387 abl.
392 3338 421 3386 of
433 3352 491 3400 way
503 3338 537 3400 by
549 3337 646 3387 which.
670 3340 739 3402 joice
751 3354 815 3390 over
826 3341 873 3389 the
885 3340 994 3390 verdict.

702 3413 761 3472 §ca
779 3415 861 3464 1-13.
881 3415 968 3465 Haeo
980 3419 1028 3464 tu:
1046 3429 1081 3465 sc.
1093 3415 1181 3466 dicis:

170 3489 217 3554 (5).
236 3488 342 3553 Appeal
354 3495 383 3540 1ο
395 3491 441 3540 the
453 3491 515 3553 jury
522 3495 551 3540 to
558 3491 649 3553 aequit
671 3493 778 3554 cf.§92.
789 3493 810 3542 1.
829 3491 891 3540 hie:
903 3506 938 3542 sc.
949 3493 1091 3542 iudicibus.
1109 3503 1182 3541 cum

136 3569 204 3618 Milo
212 3570 324 3618 because
332 3569 367 3619 he
376 3583 430 3619 was
438 3568 650 3619 Cicero’struest
671 3582 718 3618 ee:
737 3570 780 3618 ior
796 3570 886 3628 mood,
900 3567 933 3616 A.
947 3568 996 3617 326
1013 3582 1050 3618 o:
1070 3568 1102 3618 G.
1122 3566 1182 3628 56’1;

136 3645 226 3695 friend
240 3643 263 3709 (1
276 3644 328 3708 99),
342 3645 433 3695 whose
442 3647 498 3694 fate
506 3646 552 3694 the
560 3650 650 3694 orator
672 3646 708 3695 H.
718 3644 773 3707 511,
783 3647 812 3707 2;
824 3646 854 3695 P.
869 3645 917 3693 509
928 3643 976 3705 (3).
1007 3643 1094 3702 Quae
1106 3643 1182 3692 obli-

136 3722 266 3772 intended
288 3726 318 3773 1ο
340 3722 418 3772 share
443 3721 468 3783 (ᾗ
487 3721 556 3781 100).
592 3721 651 3770 The
671 3721 725 3769 vio
740 3744 766 3770 =
780 3723 858 3771 cuias
874 3722 914 3770 rei
930 3720 1044 3770 oblivio:
1062 3718 1179 3775 11115.

136 3813 201 3864 very
213 3798 310 3862 guarda
322 3804 397 3849 must
408 3813 452 3848 see
464 3799 525 3847 that
543 3797 610 3847 Milo
628 3799 650 3848 is
671 3799 712 3848 49.
747 3795 865 3858 aliquid
889 3794 1074 3853 offendistis,
1099 3792 1183 3848 ‘have
