2678 4260
169 234 233 304 600
432 249 504 303 rao
527 248 557 300 r.
584 246 704 302 rrum
727 245 871 300 umora
894 245 1041 298 canno.

220 425 287 489 lere
300 425 494 509 potuissetis
507 431 566 488 aut
581 421 692 487 ferre?
738 420 919 504 Imperium
931 420 1028 485 illesi
1040 427 1162 485 nactus
1180 425 1267 485 esset

221 530 394 592 -omitto
424 529 541 603 socios,
575 534 706 591 exteras
734 526 896 601 nationes
930 546 1034 611 reges,
1066 524 1265 599 tetrarcham

222 639 300 696 vota
330 632 417 696 euim
449 631 613 706 faceretis,
647 639 686 694 ut
716 631 751 693 in
782 651 838 694 eos
868 653 903 694 se
934 630 1049 714 potius
1079 629 1268 694 inmitteret

170 754 199 800 10
219 757 320 821 quam
358 738 392 798 iu
431 743 558 801 vestras
589 736 825 819 possessiones,
859 741 969 798 vestra
1001 740 1101 810 tecta,
1140 742 1267 800 vestras

221 838 712 926 pecunias-pecurriasdi003
736 861 756 902 a
779 839 891 904 liberis
915 837 1045 903 medius
1068 838 1169 904 fidius
1192 846 1267 903 eta

221 946 418 1032 coniugibus
446 945 568 1009 restris
595 965 781 1028 numquam
808 943 865 1006 ille
891 941 1072 1007 effrenatas
1096 964 1175 1007 suas
1198 941 1268 1006 libi·

224 1048 318 1113 dines
349 1048 564 1113 cohibuisset.
623 1047 722 1134 Fingi
749 1046 831 1111 haec
859 1048 997 1131 putatis,
1022 1067 1109 1131 quae
1139 1054 1266 1131 patent,

221 1174 307 1237 quae
345 1160 425 1217 nota
463 1159 544 1217 sunt
583 1150 746 1227 omnibus,
779 1173 864 1235 quae
896 1158 1063 1228 tenentur,
1094 1172 1267 1216 servornm

168 1273 196 1318 15
219 1257 386 1322 exercitus
404 1257 500 1320 illum
518 1257 553 1319 in
569 1255 651 1321 urbe
675 1257 945 1340 conscripturum
961 1256 1075 1332 fuisse,
1099 1277 1161 1340 per
1183 1276 1266 1340 quos

221 1368 326 1425 totam
358 1383 426 1426 rem
458 1360 627 1446 publicam
658 1382 777 1445 resque
809 1361 957 1444 privatas
988 1361 1138 1424 omnium
1168 1361 1267 1445 possi-

169 1464 342 1529 7711111111
388 1465 498 1545 Quam
523 1465 565 1530 ob
592 1486 672 1542 rem,
698 1465 727 1529 si
759 1473 937 1529 cruentum
967 1463 1119 1550 gladium
1149 1472 1266 1529 tenens

222 1569 381 1635 clamaret
408 1569 448 1632 Τ.
476 1569 632 1634 Annius:
666 1568 824 1644 ‘Adeste
850 1590 986 1653 quaeso,
1012 1576 1116 1652 atque
1143 1567 1265 1645 audite,

220 1673 328 1739 cives!
375 1674 414 1738 P.
432 1673 588 1739 Clodium
611 1673 778 1751 interfeci,
795 1674 867 1738 eius
892 1673 1032 1750 furores,
1056 1695 1141 1758 quos
1165 1674 1265 1737 nullis

167 1793 197 1840 ao
218 1778 283 1841 iam
321 1778 462 1865 legibus,
496 1779 599 1843 nullis
637 1777 770 1842 iudiciis
809 1776 941 1843 frenare
972 1784 1173 1862 poteramus,
1204 1776 1265 1840 hoc

220 1881 307 1946 ferro
331 1891 366 1948 et
387 1883 448 1948 hac
470 1883 611 1948 dextera
635 1904 654 1945 a
679 1880 865 1946 cervicibus
897 1882 1017 1946 vestris
1041 1881 1185 1966 reppuli,
1207 1899 1266 1966 per

220 2009 271 2052 me
296 1995 336 2051 ut
359 2009 465 2050 unum
484 1988 547 2065 iuS,
572 1987 735 2071 aequitas,
764 1987 866 2072 leges,
894 1984 1040 2062 libertas,
1066 1984 1185 2071 pudor,
1208 2007 1267 2070 pu·

219 2090 334 2156 dicitia
365 2093 399 2154 in
439 2093 576 2157 civitate
610 2090 798 2156 maneret:’
838 2098 927 2155 esset
956 2111 1035 2154 vero
1066 2089 1264 2166 timendum,

220 2196 479 2279 quonammodo
496 2195 531 2259 id
554 2195 658 2261 ferret
684 2196 812 2259 civitas.
861 2194 960 2258 Nunc
987 2195 1077 2258 enim
1103 2195 1179 2278 quis
1203 2201 1263 2269 est,

166 2314 196 2360 ao
218 2301 276 2384 qui
307 2321 375 2363 non
406 2299 533 2385 probet,
559 2300 618 2384 qui
641 2321 708 2362 non
737 2297 861 2374 laudet,
887 2298 1037 2381 quinon
1061 2318 1167 2360 unum
1190 2304 1265 2383 post

219 2402 391 2467 hominum
408 2404 599 2469 memoriam
617 2403 656 2466 Τ.
674 2403 827 2466 Annium
843 2402 1027 2488 plurimum
1042 2401 1089 2466 rei
1110 2401 1263 2486 publicae

221 2508 396 2593 profuisse,
413 2509 558 2572 maxima
573 2508 702 2572 laetitia
719 2507 882 2592 populum
899 2508 1096 2582 Romanum,
1110 2515 1264 2571 cunctam

219 2609 361 2687 Italiam,
386 2613 537 2676 nationes
563 2633 676 2676 omnes
703 2609 853 2675 affecisse
881 2618 916 2675 ct
943 2609 1035 2674 dicat
1060 2616 1095 2674 et
1115 2610 1263 2675 sentiat?

219 2716 295 2780 Non
320 2738 416 2800 queo,
442 2723 557 2782 vetera
581 2717 640 2779 illa
664 2716 780 2800 populi
812 2716 953 2780 Romani
983 2714 1107 2801 gaudia
1138 2723 1263 2800 quanta

165 2834 196 2880 30
216 2820 353 2894 fuerint,
371 2819 537 2894 iudicare3
569 2820 692 2883 multas
709 2828 818 2885 tamen
843 2821 909 2882 iam
936 2840 1144 2884 summorum
1165 2821 1264 2904 impe·

218 2931 365 2988 ratorum
378 2924 577 2988 clarissimas
594 2925 751 2988 victorias
767 2931 858 2988 aetas
882 2930 995 2987 nostra
1011 2923 1107 3000 vidit,
1120 2945 1263 3008 quarum

219 3029 312 3091 nulla
328 3049 437 3112 neque
454 3035 523 3091 tam
541 3027 736 3091 diuturnam
747 3027 865 3090 attulit
876 3027 1040 3092 laetitiam
1052 3048 1113 3092 nec
1124 3034 1261 3092 tantam.

168 3135 206 3197 78
223 3129 382 3194 Mandata
414 3130 476 3195 hoc
508 3131 695 3207 memoriae,
727 3129 865 3194 iudices.
924 3129 1027 3213 Spero
1058 3130 1165 3195 multa
1203 3153 1263 3196 vos

249 3319 328 3367 7-11.
347 3319 519 3381 Imperium,
532 3320 586 3382 i.e.‚
600 3320 636 3382 by
646 3320 727 3382 being
783 3318 845 3379 §lt
860 3316 960 3366 22-32.
973 3317 1022 3366 lus
1036 3353 1041 3365 .
1056 3353 1062 3366 .
1076 3353 1082 3365 .
1095 3317 1261 3379 pudicitie:

132 3424 135 3429 -
215 3395 726 3459 1111111111111111111641501]
751 3407 862 3456 arrange
887 3395 915 3442 111
944 3395 1020 3444 three
1048 3394 1127 3457 pairs.
1177 3397 1262 3444 esset

215 3472 262 3522 fin.
303 3472 409 3521 socios
437 3508 443 3520 .
471 3509 477 3520 .
505 3508 511 3521 .
540 3471 727 3521 tetrarchas:
750 3482 826 3518 vero
838 3469 1018 3527 timendum,
1037 3470 1163 3520 ironical:
1181 3471 1216 3520 cf.
1237 3470 1258 3520 I.

215 3563 339 3612 groupas
349 3549 453 3598 inSest.
468 3549 514 3598 8⁵.
527 3549 569 3611 183
587 3547 652 3598 Sull.
662 3546 688 3595 4.
699 3549 727 3610 63
750 3546 775 3594 ⁵.
791 3547 831 3596 26.
867 3546 939 3594 Non
952 3558 1047 3607 queo:
1065 3546 1100 3596 cf.
1114 3546 1178 3609 Eps.
1195 3547 1258 3597 XX.

216 3623 239 3675 1.
253 3623 297 3672 32.
315 3625 355 3674 25.
372 3627 449 3673 vota
466 3623 626 3674 faceretis:
638 3623 671 3685 cf
687 3624 724 3672 11.
750 3623 775 3671 1.
798 3624 826 3685 53
854 3622 934 3673 XIV.
959 3621 984 3670 3.
1007 3623 1047 3672 31.
1089 3635 1191 3684 neque
1208 3659 1214 3671 .
1231 3658 1259 3672 ..

215 3700 262 3749 18.
278 3700 318 3750 31.
337 3699 459 3749 medius
476 3700 582 3749 fidius:
599 3699 634 3750 cf.
655 3699 724 3750 Sest.
750 3711 815 3756 nec,
827 3713 952 3749 common
964 3699 993 3747 in
1005 3698 1108 3761 Cicero,
1119 3699 1200 3750 while
1210 3712 1259 3751 nee

215 3775 317 3840 noae
333 3775 400 3827 Sull.
414 3775 495 3827 831.
751 3776 1028 3840 ...neqneisrare
