2678 4260
178 221 242 292 342
525 234 598 290 rao
620 233 651 289 Ρ.
673 232 796 290 suain
819 233 968 290 oanrro.

178 430 205 474 15
229 422 348 478 natura
363 412 528 496 cuiusque
544 433 621 476 cum
641 411 753 486 animi,
771 419 843 476 turn
867 413 1021 496 corporis,
1039 412 1127 498 regit
1149 409 1280 497 quaesi·

229 526 292 592 tor,
309 515 414 580 flectit
436 515 550 588 libido,
568 517 752 599 corrumpit
770 537 856 601 spes,
874 515 1020 580 infirmat
1043 528 1163 591 metus,
1180 525 1221 582 ut
1242 518 1278 580 in

228 629 281 685 tot
296 641 405 684 rerum
419 621 584 706 angustiis
602 619 686 682 nihil
701 620 836 684 veritati
854 621 917 684 loci
935 621 1155 704 relinquatur.
1196 621 1279 686 Vita

229 725 268 788 P.
282 723 396 788 Sullae
413 731 619 808 torqueatur,
637 746 678 787 ex
695 745 733 787 ea
750 732 940 808 quaeratur,
956 747 1036 787 num
1059 747 1145 809 quae
1170 727 1276 790 occul-

228 836 319 893 tetur
334 827 448 902 libido,
466 849 547 890 num
563 827 653 911 quod
677 828 782 891 lateat
804 827 944 903 facinus,
963 851 1044 891 num
1060 850 1146 913 quae
1162 829 1279 895 crude·

175 945 205 990 20
226 933 313 1006 litas,
327 954 408 994 num
424 953 509 1016 quae
526 931 674 995 audacia.
720 931 818 995 Nihil
831 934 950 996 erroris
968 935 1032 997 erit
1048 934 1082 996 in
1098 955 1200 999 causa
1215 955 1277 999 nec

228 1037 451 1107 obscuritatis,
470 1035 607 1110 iudices
624 1036 653 1099 si
676 1035 805 1101 anobis
826 1038 915 1100 vitae
940 1045 1120 1121 perpetuae
1143 1060 1222 1114 vox,
1239 1059 1279 1103 ca

228 1163 313 1226 quae
344 1141 516 1204 verissima
553 1149 587 1204 et
623 1142 819 1225 gravissima
857 1141 976 1227 debet·
994 1164 1077 1218 esse,
1108 1141 1276 1208 audietur.

176 1252 214 1314 79
227 1246 368 1309 Nullum
384 1246 417 1306 in
435 1244 495 1308 hac
513 1266 613 1308 causa
637 1253 757 1309 testem
781 1247 947 1321 timemus,
965 1247 1050 1310 nihil
1074 1269 1277 1332 quemquam

227 1351 321 1424 scire,
355 1349 439 1411 nihil
474 1348 609 1424 vidisse,
637 1348 722 1411 nihil
761 1349 894 1415 audisse
940 1351 1148 1415 arbitramur.
1209 1351 1277 1418 Sed

175 1470 203 1514 25
226 1462 347 1528 tamen,
372 1454 399 1516 si
426 1453 512 1515 nihil
536 1474 595 1517 vos
621 1452 659 1515 P.
678 1452 793 1517 Sullae
822 1453 959 1519 fortuna
989 1463 1112 1530 movet,
1136 1455 1275 1530 iudices,

228 1565 340 1623 vestra
356 1565 498 1621 moveat.
544 1557 668 1622 Vestra
685 1559 783 1635 enim,
797 1560 855 1643 qui
872 1581 947 1622 cum
963 1582 1093 1624 summa
1109 1561 1277 1648 elegantia

227 1670 328 1747 atque
349 1663 544 1748 integritate
569 1663 712 1740 vixistis,
729 1663 791 1728 hoc
814 1665 957 1728 maxime
982 1666 1132 1741 interest,
1150 1687 1218 1731 non
1233 1688 1275 1732 ex

227 1766 365 1831 libidine
401 1774 461 1829 aut
498 1767 669 1830 simultate
709 1774 770 1830 aut
806 1768 945 1832 levitate
979 1769 1123 1837 ¹testium
1160 1790 1276 1834 causas

227 1870 443 1935 honestorum
465 1871 640 1934 hominum
663 1872 849 1955 ponderari,
865 1872 924 1936 sed
940 1873 973 1935 iu
998 1874 1128 1958 magnis
1152 1873 1277 1959 disqui-

174 1992 204 2038 30
224 1975 403 2040 sitionibus
420 1977 671 2059 repentinisque
688 1977 846 2059 perieulis
864 1978 969 2040 vitam
985 1978 1086 2041 unius
1110 1979 1275 2064 cuiusque

227 2102 298 2144 esse
331 2087 462 2145 testem.
512 2079 623 2158 Quam
653 2102 723 2155 vos,
755 2080 893 2154 iudices
925 2082 1029 2144 nolite
1067 2082 1167 2146 armis
1205 2084 1276 2148 suis

226 2185 403 2269 spoliatam
430 2191 531 2267 atque
554 2183 715 2247 nudatam
738 2184 865 2250 obicere
888 2184 1045 2262 invidiae,
1063 2185 1184 2252 dedere
1207 2209 1276 2251 sus-

226 2289 370 2373 picioni3
399 2290 528 2352 munite
551 2310 761 2352 communem
782 2311 891 2353 arcem
914 2288 1087 2366 bonorum,
1111 2289 1275 2355 obstruite

226 2392 381 2479 perfugia
418 2389 666 2476 improborum3
704 2394 815 2457 valeat
845 2402 879 2458 et
909 2393 952 2457 ad
990 2415 1130 2478 poenam
1166 2402 1203 2460 et
1233 2394 1276 2458 ad

173 2509 203 2554 35
224 2497 366 2561 salutem
395 2497 585 2580 plurimum,
605 2518 705 2581 quam
730 2497 836 2560 solam
863 2497 985 2562 videtis
1017 2500 1121 2582 ipsam
1148 2482 1276 2563 ex'sua

224 2649 258 2698 go
278 2637 305 2685 iu
326 2636 410 2698 pairs:
428 2650 472 2685 sec
496 2651 530 2685 on
557 2637 611 2697 §at
632 2637 660 2697 63
693 2637 741 2685 the
796 2637 862 2699 579.
882 2636 982 2685 23-32.
999 2636 1275 2694 ηίὴϋ,η1ὴ11,η11ι11,

224 2715 366 2776 metaphor
379 2715 406 2762 in
419 2715 466 2763 the
479 2714 537 2763 first
553 2715 613 2776 pair
631 2715 653 2763 is
670 2715 740 2763 from
763 2713 818 2774 i.e.‚
843 2714 959 2775 nothing
982 2714 1205 2777 compromising:
1234 2714 1275 2764 for

225 2792 270 2840 the
282 2791 435 2854 steeringoi
447 2792 531 2853 ships,
543 2791 570 2839 in
584 2792 630 2840 the
642 2792 740 2840 secuml
763 2790 810 2838 the
830 2790 913 2852 figure
933 2803 976 2839 see
994 2804 1029 2840 ou
1051 2790 1073 2839 1.
1087 2789 1113 2837 1.
1125 2790 1150 2848 3,
1162 2789 1217 2839 aud
1229 2804 1276 2840 no·

224 2868 282 2928 pair
293 2868 364 2916 from
377 2869 424 2916 the
440 2868 553 2931 guiding
565 2869 594 2917 ci
605 2870 705 2917 horses.
763 2867 815 2915 tice
827 2867 874 2915 the
886 2867 1030 2915 difference
1043 2867 1070 2915 in
1080 2867 1271 2916 construction.

255 2943 355 2991 15-22.
386 2943 538 3004 cuiusque
557 2980 562 2991 .
581 2980 587 2991 .
607 2979 612 2990 .
631 2945 739 2992 animi:
762 2943 795 2991 si
814 2946 972 2991 movet.
990 2978 1019 2991 ..
1037 2946 1210 2992 moveat:
1233 2943 1276 2992 ior

225 3033 269 3070 see
291 3034 326 3068 on
353 3021 433 3070 liuius
454 3021 584 3080 periculi,
609 3022 622 3082 ἓ
651 3022 674 3068 2.
699 3022 737 3070 20.
763 3021 856 3068 moods
868 3034 912 3068 see
924 3035 959 3069 ou
974 3020 1023 3070 IV.
1038 3020 1062 3068 2.
1075 3019 1162 3072 20-27.
1197 3018 1275 3070 Ves-

225 3096 390 3156 quaesitor,
413 3097 459 3145 the
488 3097 625 3158 presiding
645 3094 740 3145 'officer
762 3099 816 3152 tra,
830 3097 896 3158 qui:
914 3111 957 3146 see
976 3111 1011 3146 on
1030 3098 1051 3146 I.
1066 3096 1092 3144 7.
1104 3098 1144 3157 22,
1158 3096 1212 3145 and
1233 3097 1276 3146 ior

225 3173 255 3221 oi
267 3173 314 3221 the
326 3178 410 3227 court.
426 3178 473 3221 not
486 3173 532 3221 the
546 3178 661 3222 torturer
674 3172 740 3233 (tor-
762 3188 822 3223 case
831 3175 861 3224 oi
869 3177 960 3224 uestro
970 3175 1005 3223 ci,
1016 3187 1075 3223 meo
1085 3174 1098 3234 ξ
1107 3175 1130 3240 2.
1141 3174 1180 3223 23.
1215 3173 1276 3223 010·

226 3246 288 3310 tor).
323 3247 430 3305 libido,
442 3249 448 3272 ⁴
460 3249 592 3311 caprice:’
608 3263 643 3298 sc.
659 3263 739 3310 quae·
762 3251 872 3310 gantia,
883 3250 890 3274 ‘
900 3250 1078 3299 r·elinemeut.'
1100 3249 1200 3299 noliie
1209 3249 1275 3299 obl-

225 3325 326 3374 aitoris.
355 3336 441 3385 spes:
458 3339 493 3374 sc.
508 3327 586 3375 cervi.
611 3324 739 3382 facinus,
762 3337 845 3374 cere:
863 3327 926 3389 Μ
943 3327 1104 3395 76‚16‚and
1121 3327 1211 3376 notice
1228 3327 1275 3376 the

227 3399 344 3461 ‘crime'
369 3401 468 3463 always
492 3402 518 3449 in
543 3415 559 3449 a
583 3400 634 3449 bad
663 3415 740 3450 sense
761 3401 901 3465 following
912 3403 1058 3453 ehiasmus

225 3477 316 3526 unless
333 3478 523 3538 accompanied
543 3478 576 3539 by
592 3491 608 3525 a
625 3477 739 3539 compli·
793 3477 893 3525 33-35.
912 3491 1014 3528 arcem
1037 3479 1201 3535 bonorum.
1218 3478 1273 3538 i.e.,

226 3557 347 3614 mentary
371 3552 517 3614 adjective:
541 3554 561 3601 it
584 3566 639 3601 was
662 3554 739 3615 origi·
762 3553 922 3615 agoodliie.
958 3552 1116 3603 obstruite
1128 3551 1275 3615 perfugia.

226 3628 298 3690 nally
318 3642 334 3677 a
353 3642 402 3677 vox
425 3629 524 3676 media.
560 3628 738 3676 verissima:
764 3629 875 3677 ‘cutoff
893 3629 1070 3679 tireretreat.’
1105 3629 1272 3680 valeatzsc.

226 3718 262 3754 sc.
278 3707 325 3765 est,
342 3704 589 3766 iromessedebet;
606 3705 736 3765 ci.§§10.
762 3707 819 3754 vita
849 3707 914 3753 with
945 3705 1034 3755 which
1062 3719 1146 3768 quam
1173 3719 1272 3770 agrees.

225 3779 304 3849 3231.
318 3781 357 3833 16.
761 3781 1285 3855 plurimumfforcaseeimiltiilssia
