2678 4260
405 279 485 330 cnr.
509 277 597 343 aar,
622 281 636 342 ς
659 280 778 331 mern.
910 348 914 356 Ι
1098 261 1163 330 531

60 469 149 518 nvn.
182 453 253 517 Iam
277 453 336 517 illa
352 459 479 537 quanto
503 474 579 516 oum
602 452 732 539 gemitu
759 451 876 538 populi
906 448 1048 516 Romani
1071 447 1114 515 ab

61 555 178 621 eodem
194 556 295 641 paulo
310 565 388 641 post
402 557 437 619 in
454 555 568 621 eadem
587 555 700 620 fabula
716 563 798 620 sunt
813 553 908 620 aeta!

109 691 352 776 Opater-

63 830 130 905 Me,
148 852 199 894 me
216 831 272 895 ille
289 830 461 896 absentem
478 838 518 896 ut
541 837 668 915 patrem
693 831 936 916 deplorandum
962 831 1112 917 putabat,

62 955 163 1019 quem
196 933 236 1012 Q.
266 933 419 1009 Catulus,
449 956 548 1018 quem
581 935 679 998 multi
710 935 768 999 alii
798 957 895 1019 saepe
927 935 962 997 in
993 943 1112 1000 senatu
1150 951 1164 996 5

63 1045 191 1123 patrem
216 1039 341 1122 patriae
366 1040 587 1102 nominarant.
635 1037 772 1117 Quanto
787 1060 863 1103 oum
889 1036 970 1102 fletu
988 1038 1029 1103 de
1046 1040 1112 1103 illis

63 1144 186 1206 nostris
201 1141 364 1206 incendiis
380 1164 418 1207 ao
434 1143 549 1218 ruinis,
566 1165 642 1206 oum
660 1150 787 1227 patrem
809 1143 955 1227 pulsum,
972 1144 1112 1227 patriam

63 1245 233 1310 adflictam
272 1247 469 1332 deploraret,
502 1246 637 1311 domum
676 1249 846 1313 incensam
884 1259 1111 1333 eversamque,

63 1351 112 1415 sio
129 1351 208 1436 egit,
225 1359 274 1427 ut,
292 1351 520 1416 demonstrata
546 1352 687 1436 pristina
709 1351 846 1417 fortuna
874 1374 949 1418 oum
977 1374 1013 1418 se
1040 1376 1114 1418 oon-

65 1454 241 1519 vertisset:
1138 1472 1166 1519 10

110 1591 226 1657 Haeo
250 1593 395 1656 omnia
418 1591 516 1657 vidi
540 1592 823 1658 inflammari

64 1728 181 1795 fletum
205 1730 306 1794 etiam
329 1731 473 1794 inimicis
496 1739 599 1815 atque
623 1731 747 1797 invidis
764 1732 949 1798 excitaret!
995 1734 1062 1798 Pro
1079 1734 1113 1798 di
1127 1736 1186 1800 122

64 1832 287 1898 immortales!
312 1833 421 1917 quid?
443 1834 502 1898 illa
529 1856 628 1919 quem
657 1835 699 1899 ad
725 1835 862 1899 modum
889 1835 977 1900 dixit
1002 1836 1113 1902 idem!

65 1958 151 2023 quae
168 1938 250 2002 mihi
267 1937 405 2023 quidem
420 1939 468 2002 ita
483 1945 519 2002 et
542 1946 616 2003 acta
639 1947 674 2002 et
697 1940 821 2024 scripta
845 1939 1005 2004 videntur
1031 1962 1113 2015 esse,

65 2049 105 2106 ut
122 2042 177 2106 vel
199 2041 276 2121 aQ.
294 2040 427 2117 Catulo,
451 2041 480 2105 si
507 2042 695 2117 revixisset,
724 2044 891 2127 praeclare
922 2064 1017 2128 posse
1049 2043 1115 2109 dioi
1139 2060 1167 2106 15

64 2145 262 2210 viderentur
274 2167 283 2220 ;
319 2145 347 2209 is
375 2145 464 2209 enirn
492 2144 594 2209 libere
622 2145 863 2229 reprehendere
896 2155 931 2210 et
960 2168 1115 2212 accusare

65 2249 182 2334 populi
198 2271 266 2312 non
282 2269 467 2333 numquam
492 2249 716 2313 temeritatem
739 2249 868 2314 solebat
890 2259 950 2314 aut
970 2273 1115 2316 errorem

64 2361 221 2417 senatus:

112 2489 436 2576 Oingratiiioi
460 2489 638 2576 Argivi,
660 2466 868 2556 inmunes
897 2490 1026 2555 Graii
1056 2494 1113 2556 in·

647 2617 858 2659 memores
889 2595 1115 2663 benefici!
1138 2609 1168 2657 ao

66 2725 143 2788 Non
173 2733 245 2789 erat
267 2723 353 2787 illud
377 2724 513 2808 quidem
531 2746 666 2799 verum3
700 2746 766 2789 non
790 2726 877 2789 eninr
904 2726 1038 2812 ingrati,
1055 2726 1112 2790 sed

66 2829 189 2903 miseri,
207 2828 330 2912 quibus
358 2826 496 2891 reddere
524 2827 677 2903 salutem,
695 2850 714 2891 a
733 2851 800 2913 quo
823 2838 1029 2914 acceperant,
1046 2851 1113 2894 non

65 3025 134 3087 zeal)
148 3026 191 3074 for
202 3025 248 3074 the
260 3030 335 3074 actor
347 3024 524 3086 interpolated
537 3024 583 3073 the
605 3025 656 3074 low
674 3031 762 3076 actors
780 3031 809 3076 to
828 3027 874 3076 the
890 3027 1032 3077 audienoe:
1048 3042 1076 3077 se
1088 3029 1117 3078 ol

65 3103 206 3164 following
218 3100 332 3151 words:'
350 3101 393 3149 for
409 3101 464 3149 this
481 3100 582 3162 elliptio
604 3113 697 3149 course
709 3101 863 3162 disappears
881 3101 909 3149 iu
926 3101 1049 3165 English,
1062 3104 1116 3153 end

66 3198 115 3232 use
128 3183 156 3232 of
167 3196 230 3232 uum
242 3183 277 3232 ef.
291 3183 305 3245 ς
318 3181 357 3231 95.
373 3182 394 3231 1.
603 3190 620 3225 a
640 3177 712 3226 word
735 3177 764 3227 of
788 3178 883 3240 saying
905 3184 977 3228 must
1000 3178 1033 3229 be
1054 3193 1118 3242 sup·

603 3253 683 3315 plied.

99 3334 161 3383 3-9.
185 3333 210 3383 0
233 3336 361 3396 pater:
395 3334 471 3382 these
494 3332 581 3382 words
636 3330 724 3390 5122.
758 3329 860 3378 12-21.
900 3329 961 3378 Pro
996 3329 1046 3378 di:
1079 3331 1114 3381 of.

67 3425 136 3461 were
145 3410 202 3460 also
214 3409 392 3472 interpolated
404 3409 579 3471 byAesopns,
604 3407 676 3468 §oa
703 3407 741 3456 16.
776 3405 954 3467 populi...
975 3409 1118 3456 senatus:

67 3486 235 3549 fromaplay
244 3484 318 3548 byo.
329 3485 436 3534 Ennius
446 3483 579 3546 (289-169)
604 3483 693 3531 notice
717 3482 763 3531 the
786 3481 931 3531 ohiasrnus.
965 3483 1116 3540 inmunes,

67 3563 130 3613 who
155 3563 213 3612 first
240 3568 324 3611 wrote
350 3562 520 3611 hexameters
553 3561 580 3608 in
606 3557 841 3618 ‘unserviceable’
863 3557 992 3609 ‘selfislu’
1022 3559 1116 3608 illud:

68 3641 160 3690 Latin.
218 3638 252 3698 Q.
288 3637 434 3686 Catulus:
468 3651 513 3686 see
545 3651 580 3686 on
604 3635 650 3684 tlre
673 3633 836 3696 application
866 3638 895 3683 to
917 3635 963 3684 the
988 3635 1113 3685 Romans.

67 3719 85 3780 ς·
119 3717 172 3765 101.
208 3716 247 3764 24.
294 3726 328 3763 se
363 3713 581 3768 convertisset,
603 3709 774 3771 quiramus
787 3710 814 3756 in
827 3712 839 3769 ξ
852 3710 904 3758 105.
919 3711 963 3759 2οε
977 3710 1011 3759 its
1021 3711 1117 3767 correl-

69 3792 142 3851 ‘hed
161 3790 278 3857 turned,’
301 3791 355 3852 i,e.,
377 3791 448 3848 from
471 3790 514 3847 his
534 3789 582 3846 tel·
604 3787 675 3845 alive
690 3785 795 3844 follows
814 3786 842 3842 in
861 3784 878 3839 l·
893 3787 932 3844 24.
