2678 4260
169 234 233 301 544
529 248 601 299 rao
624 249 653 299 P.
678 249 804 298 susrro
827 247 976 299 orario.

220 422 328 508 legem
360 419 486 483 nullam
517 427 645 505 putare.
707 418 886 482 Caeciliam
925 418 1069 497 Didiam,
1103 421 1271 488 Liciniam

208 522 355 591 'Iuniam
378 525 588 608 contempsit.
636 524 790 588 Etiamne
816 525 898 600 cius,
920 546 1019 608 quem
1044 547 1106 589 sua
1131 526 1209 612 lege
1236 535 1272 593 et

218 652 280 695 suo
305 628 464 693 beneficio
492 636 656 704 ornatum,
680 629 859 704 munitum,
887 637 1052 692 armatum
1082 631 1170 694 solet
1200 633 1272 718 glo·

221 735 307 809 ilari,
336 733 373 798 C.
403 732 564 808 Caesaris,
592 732 699 818 legem
732 732 772 796 de
800 734 952 817 pecuniis
979 734 1175 817 repetundis
1200 757 1270 800 non

165 855 195 900 so
217 846 315 924 putat
338 859 409 902 esse
433 837 568 922 legem?
616 837 661 899 Et
685 838 782 925 aiunt
806 836 887 901 alios
914 858 995 914 esse,
1014 839 1073 921 qui
1096 846 1172 903 acta
1188 837 1270 905 an-

217 944 300 1008 saris
317 940 517 1016 rescindant,
535 962 612 1004 cum
628 940 708 1005 haec
725 949 864 1024 optuma
888 942 944 1005 lex
969 948 1003 1005 et
1019 941 1060 1005 ab
1077 941 1135 1005 illo
1152 963 1269 1008 socero

219 1049 290 1112 eius
307 1053 342 1111 et
357 1045 398 1110 ab
415 1046 475 1109 hoc
492 1044 648 1110 adsecula
664 1044 880 1131 neglegatur!
927 1062 1013 1110 LXV.
1038 1045 1084 1109 Et
1100 1045 1269 1112 cohortari

220 1173 320 1215 ausus
342 1159 395 1216 est
419 1159 593 1214 accusator
616 1151 650 1213 in
677 1149 737 1213 hac
762 1170 861 1213 causa
884 1170 955 1225 voe,
981 1148 1120 1225 iudices
1144 1157 1186 1215 ut
1211 1151 1269 1215 ali·

217 1256 352 1340 quando
369 1257 486 1319 essetis
502 1255 621 1330 severi,
638 1253 821 1338 aliquando
839 1253 1039 1318 medicinam
1062 1253 1267 1320 adhiberetis

216 1361 263 1424 rei
289 1359 451 1443 publicae.
498 1359 574 1423 Non
602 1380 642 1424 ea
667 1366 721 1422 est
748 1356 922 1434 medicina,
947 1379 1023 1421 cum
1051 1379 1149 1423 sanae
1178 1361 1266 1444 parti

177 1477 192 1522 c
214 1464 359 1548 corporis
371 1463 567 1548 scalpellum
581 1462 760 1526 adhibetur
770 1470 872 1545 atque
887 1463 1036 1547 integrae
1048 1486 1056 1536 ;
1074 1463 1266 1528 carnificina

216 1575 267 1632 est
293 1568 357 1630 ista
384 1575 419 1631 et
444 1566 650 1641 crudelitas3
679 1567 709 1630 ei
737 1565 914 1630 medentur
940 1567 987 1629 rei
1015 1565 1179 1649 publicae,
1205 1569 1265 1652 qui

183 1725 185 1730 .
207 1677 365 1735 exsecant
391 1678 520 1754 pestem
544 1671 691 1755 aliquam
718 1678 890 1752 tamquam
916 1676 1079 1732 strumam
1104 1671 1264 1735 civitatis.

143 1777 200 1840 136
259 1772 326 1838 Sed
353 1782 393 1839 ut
419 1782 607 1838 extremum
636 1773 756 1838 habeat
779 1772 908 1856 aliquid
932 1773 1037 1836 oratio
1061 1794 1143 1849 mea,
1168 1781 1203 1838 et
1226 1781 1265 1839 ut

216 1899 278 1965 ego
310 1886 388 1943 ante
420 1877 553 1942 dicendi
586 1878 686 1942 finem
718 1877 838 1940 faciam
870 1897 971 1960 quam
1007 1898 1066 1941 vos
1098 1878 1163 1941 mei
1195 1886 1264 1943 tam

163 1997 191 2044 10
213 1989 342 2046 attente
352 1981 522 2059 audiendi,
537 1981 736 2046 concludam
751 1980 837 2044 illud
850 1980 890 2044 de
905 1979 1124 2064 optimatibus
1136 2003 1265 2047 eorum·

215 2107 281 2171 que
308 2086 515 2171 principibus
543 2108 579 2150 ac
607 2088 655 2150 rei
682 2085 835 2170 publicae
860 2083 1093 2148 defensoribus
1122 2107 1262 2170 vosque,

214 2189 456 2267 adulescentes
481 2192 598 2275 etqui
622 2190 749 2254 nobiles
776 2190 865 2264 estis
882 2188 925 2252 ad
951 2189 1114 2252 maiorum
1138 2198 1265 2255 vestro-

214 2315 290 2358 rum
315 2295 538 2360 imitationem
563 2294 726 2370 excitabo,
754 2300 788 2357 et
815 2295 874 2377 qui
902 2293 1038 2378 ingenio
1066 2315 1104 2357 ac
1133 2295 1262 2361 virtute

213 2416 319 2426 ---

212 2482 254 2532 sul
266 2497 295 2531 as
307 2496 323 2531 a
334 2482 413 2544 law3’
428 2483 511 2543 teyem
523 2488 596 2531 must
613 2484 645 2531 be
663 2497 724 2544 sup·
747 2481 800 2529 and
825 2483 1044 2545 promagistrates
1062 2484 1106 2533 ior
1123 2487 1263 2549 extorting

212 2557 284 2620 plied
297 2571 326 2606 as
339 2557 486 2619 predicate:
503 2559 538 2607 cf.
552 2558 589 2606 ΙΙ.
609 2559 653 2605 22.
667 2559 704 2606 19.
747 2571 852 2618 money.
889 2557 929 2605 Bt
939 2559 1032 2614 aiunt.
1041 2565 1102 2620 etc,
1116 2559 1186 2610 ‘and
1197 2562 1261 2624 they

244 2632 289 2689 46.
313 2631 359 2681 47.
388 2632 556 2682 Caeciliam
591 2633 721 2690 Didiam,
747 2633 804 2681 talk
851 2635 933 2683 about
972 2635 1063 2684 others
1105 2638 1261 2701 rescinding

212 2722 229 2757 a
257 2709 307 2757 law
339 2708 369 2758 of
401 2710 447 2757 the
481 2709 587 2758 consuls
620 2710 649 2758 of
681 2711 721 2770 98,
747 2708 868 2758 Caesar's
886 2716 952 2770 acts,
967 2712 1056 2759 where
1073 2711 1116 2760 his
1133 2713 1192 2762 best
1210 2714 1260 2763 lavv

212 2785 355 2848 providing
374 2786 434 2832 that
456 2800 536 2846 every
558 2785 605 2833 bill
625 2786 721 2835 should
747 2787 768 2834 is
780 2787 881 2835 evaded
894 2788 929 2848 by
942 2789 984 2836 his
997 2788 1193 2838 father-in-law
1205 2790 1259 2840 and

212 2860 245 2910 be
256 2861 352 2922 posted
364 2861 407 2909 lor
418 2860 508 2922 public
521 2862 672 2922 inspection
681 2863 723 2912 ior
746 2862 801 2909 this
819 2862 875 2910 tool
888 2863 917 2910 ot
933 2861 1005 2911 hisl'
1053 2875 1172 2921 socero,
1185 2865 1258 2927 Piso,

211 2937 259 2986 the
281 2950 360 2998 space
383 2936 413 2985 oi
435 2937 511 2986 three
534 2939 640 2987 market
658 2940 722 3001 days
745 2936 788 2983 for
797 2937 887 2986 whose
899 2939 1049 2986 extortions
1060 2939 1087 2986 in
1098 2939 1260 2990 Macedonia

214 3013 254 3074 (at
266 3013 333 3062 least
346 3013 375 3064 17
384 3014 460 3075 days)
475 3014 566 3063 before
576 3016 723 3078 beingpro-
745 3026 788 3060 see
816 3012 828 3068 ξ
852 3013 890 3061 94.
918 3014 1003 3063 15-24.
1051 3014 1102 3063 His
1125 3015 1261 3079 daughter

212 3088 294 3148 posed
306 3092 335 3136 to
353 3087 399 3135 the
419 3089 536 3137 comitio.
572 3088 722 3137 Liciniam
746 3086 893 3148 Calpurnia
905 3102 959 3137 was
978 3087 1100 3138 Caesar’s
1120 3089 1173 3139 last
1186 3091 1258 3154 wife,

211 3163 338 3219 Iuniam.
356 3177 372 3211 a
392 3163 442 3212 law
460 3165 489 3213 oi
505 3165 552 3214 the
569 3165 676 3216 consuls
694 3167 723 3216 oi
745 3163 860 3210 married
873 3163 902 3210 in
913 3164 952 3213 59.

211 3240 242 3288 62
254 3240 410 3302 forbidding
429 3254 482 3302 any
497 3240 548 3290 law
568 3248 596 3290 to
616 3242 649 3291 be
661 3242 721 3292 filed

212 3315 239 3364 in
252 3316 299 3365 the
312 3321 433 3377 treasury
447 3316 502 3376 (see
521 3332 557 3365 on
576 3319 597 3367 I.
621 3317 646 3366 4.
669 3318 720 3381 12),
776 3314 801 3372 6.
812 3316 836 3362 ⁷·
853 3314 1260 3382 1⁵t².‘th2twhlehy0uspeak

211 3396 307 3452 except
330 3391 358 3438 in
382 3391 428 3439 the
451 3406 578 3454 presence
608 3393 638 3442 of
665 3395 721 3443 wit·
745 3392 800 3441 of:'
820 3392 863 3441 for
877 3394 978 3454 gender
997 3394 1032 3443 cf.
1052 3409 1085 3444 ec
1102 3396 1188 3446 above
1204 3397 1259 3447 and

211 3477 309 3513 nasses.
352 3477 408 3512 sna
435 3465 509 3527 lege,
539 3468 627 3516 which
655 3482 722 3529 gave
745 3467 810 3518 Sull.
835 3467 881 3516 89.
904 3469 949 3531 48;
978 3470 1015 3519 ΙΙ.
1035 3470 1080 3519 23.
1103 3472 1142 3522 31.
1179 3476 1260 3521 stru·

211 3539 281 3589 Gaul
294 3547 323 3590 to
335 3540 446 3590 Caesar:
462 3557 505 3591 sce
517 3557 553 3592 on
565 3543 582 3593 l.
596 3544 620 3592 4.
745 3557 838 3592 mam:
855 3560 898 3594 see
910 3546 1163 3611 onpalcterrtmas,
1175 3549 1190 3611 ἕ
1203 3550 1257 3599 134.

242 3616 344 3665 49-51.
363 3618 629 3680 Caesarialegem:
647 3620 722 3670 alaw
745 3622 783 3669 28.

211 3693 305 3755 passed
330 3693 358 3740 in
387 3693 508 3743 Caesar's
532 3695 589 3743 first
616 3696 721 3745 consul·
777 3698 857 3757 §136.
882 3698 927 3745 12.
951 3697 1087 3754 nobiles:
1106 3715 1150 3750 see
1170 3716 1195 3770 p.
1219 3702 1258 3764 55,

211 3765 273 3836 ship
291 3766 352 3832 (59),
379 3768 528 3837 punishiug
550 3770 720 3837 magistrates
745 3773 774 3836 ἓξ
789 3774 826 3835 12,
841 3773 879 3827 13.
