2678 4260
182 241 244 314 irs
441 254 482 314 m
504 254 716 312 clrrmrln
738 253 879 312 enirm
900 253 1063 324 otiari.

175 439 209 500 ‘t
233 437 355 519 tiisque
382 433 654 519 provincialibus,
679 454 765 518 quae
790 441 900 497 tamen
925 431 1059 496 urbanis
1076 431 1195 516 opibus
1211 450 1279 496 non
1333 482 1337 489 .

208 539 360 602 minore
392 537 503 602 labore
535 546 633 602 tueor
665 559 766 622 quam
805 558 969 620 comparo,
1000 558 1060 620 pro
1091 537 1142 600 his
1174 537 1280 622 igitur

235 642 389 708 omnibus
420 643 528 718 rebus,
560 665 619 726 pro
647 643 728 706 meis
755 643 789 705 in
817 663 876 705 vos
904 639 1129 726 singularibus
1156 639 1278 706 studiis

232 769 359 832 proque
372 747 444 822 hac,
458 769 559 831 quam
572 747 769 830 perspicitis,
783 747 825 810 ad
838 743 1099 810 conservandam
1114 767 1182 809 rem
1197 744 1280 829 pub

233 852 329 916 licam
347 851 524 937 diligentia
540 851 659 915 nihile
675 851 769 916 vobis
787 851 851 913 nisi
868 849 969 914 huius
986 851 1144 934 temporis
1162 850 1279 913 totius-

181 972 209 1016 10
231 977 296 1040 que
314 956 379 1020 mei
395 957 592 1020 consulatus
610 957 799 1020 memoriam
821 955 974 1037 postu103
1000 975 1085 1037 quae
1110 953 1190 1017 dum
1213 954 1280 1018 erit

232 1061 266 1122 in
294 1061 414 1124 vestris
442 1060 509 1124 fixa
537 1059 714 1134 mentibus,
732 1060 901 1123 tutissimo
930 1080 981 1121 me
1006 1079 1101 1121 muro
1124 1065 1278 1141 saeptum

232 1185 303 1229 esse
330 1164 522 1229 arbitrabor.
571 1164 700 1244 Quodsi
728 1184 833 1228 ineam
862 1185 954 1247 spem
983 1163 1034 1227 vis
1062 1163 1279 1247 inproborum

232 1267 392 1333 fefellerit
416 1277 517 1353 atque
544 1270 762 1353 superaverit,
790 1266 987 1332 commendo
1015 1265 1109 1331 vobis
1135 1288 1279 1351 parvum

232 1393 344 1436 meum
360 1372 476 1448 filium,
494 1375 547 1438 oui
565 1372 715 1456 profecto
732 1373 811 1437 satis
831 1372 895 1436 erit
911 1371 1065 1455 praesidii
1083 1392 1150 1434 non
1167 1372 1277 1435 solum

181 1499 208 1541 15
230 1477 273 1540 ad
300 1477 453 1552 salutem,
481 1499 598 1542 verum
628 1478 728 1540 etiarn
757 1475 799 1540 ad
823 1476 1033 1561 dignitatem,
1057 1476 1086 1539 si
1110 1475 1193 1550 eius,
1219 1477 1278 1559 qui

231 1581 311 1644 haee
328 1581 439 1644 omnia
453 1601 515 1644 suo
531 1581 634 1644 solius
651 1579 801 1663 periculo
819 1579 1033 1654 conservarit,
1051 1578 1148 1640 illum
1169 1577 1277 1641 filium

179 1687 218 1750 24
230 1705 302 1749 esse
319 1685 547 1751 memineritis.
596 1684 808 1768 Quapropter
827 1682 867 1746 de
884 1703 1014 1746 summa
1037 1683 1147 1747 salute
1166 1690 1279 1747 vestra

231 1789 414 1879 populique
432 1789 583 1863 Romani,
601 1788 642 1852 de
668 1789 787 1852 vestris
811 1787 1010 1872 coniugibus
1034 1809 1070 1850 ac
1095 1785 1218 1862 liberis,
1236 1786 1278 1852 de

231 1894 295 1956 aris
322 1914 359 1956 ae
387 1891 481 1966 focis,
500 1892 540 1956 de
568 1891 656 1955 fanis
684 1899 786 1976 atque
815 1892 958 1975 templis,
983 1890 1024 1954 de
1052 1891 1157 1954 totius
1187 1890 1277 1955 urbis

178 2010 207 2054 ‘20
229 1998 327 2061 tectis
354 2017 392 2060 ac
419 1996 564 2074 sedibuS,
591 1996 632 2060 de
660 1997 798 2081 imperio
829 2017 867 2059 ac
902 1995 1067 2072 libertate,
1096 1993 1137 2058 de
1169 1996 1277 2060 salute

229 2283 299 2333 clare
311 2283 368 2333 him
381 2285 427 2334 the
441 2285 538 2346 hospes
549 2284 579 2334 of
596 2285 642 2333 the
654 2282 741 2333 whole
761 2281 813 2332 last
838 2287 893 2331 two
918 2281 1030 2343 clauses.
1066 2279 1128 2327 nisi
1145 2314 1151 2328 .
1168 2314 1174 2327 .
1192 2314 1198 2328 .
1215 2291 1276 2328 me-

229 2359 403 2420 community.
439 2360 476 2409 of
499 2373 592 2410 course
612 2359 659 2408 the
679 2373 741 2422 gov-
760 2356 904 2405 moriam:
919 2371 964 2406 see
977 2371 1011 2406 on
1021 2355 1058 2405 11.
1070 2353 1116 2403 10.
1127 2355 1165 2415 15,
1176 2353 1231 2404 and
1239 2355 1273 2405 cf.

229 2447 321 2483 ernors
334 2434 362 2482 of
373 2436 513 2496 provinces
521 2434 634 2502 enjoyed
647 2447 740 2495 excep·
758 2436 954 2494 praeterquam
989 2431 1040 2481 111.
1060 2430 1106 2478 26.
1124 2430 1148 2480 3.
1185 2429 1272 2480 dum:

229 2509 313 2558 tional
337 2512 534 2571 opportunities
558 2512 600 2560 for
623 2509 742 2572 forming
761 2524 804 2559 see
817 2525 853 2558 on
865 2510 916 2559 ΙΙΙ.
931 2507 976 2558 16.
996 2510 1033 2558 10.

229 2584 296 2634 such
314 2584 441 2634 relations
460 2586 526 2634 with
543 2585 609 2634 both
627 2585 741 2634 individ-
793 2584 894 2633 12-14.
911 2597 1006 2646 spem,
1030 2584 1120 2646 object
1145 2583 1174 2633 of
1194 2582 1275 2645 sefel-

229 2658 563 2710 ualsandcomrnuuities.
763 2661 824 2711 terit
849 2661 936 2722 alone,
961 2666 1010 2710 not
1036 2660 1066 2709 of
1094 2661 1272 2721 superaverit,

261 2733 287 2782 5.
304 2734 558 2796 provincialibus,
605 2735 651 2784 ‘in
695 2736 742 2783 the
763 2737 851 2786 which
864 2737 886 2786 is
898 2734 1078 2797 intransitive,
1088 2749 1117 2785 as
1127 2736 1155 2785 in
1164 2734 1217 2784 ΙΙΙ.
1228 2733 1274 2782 24.

229 2811 390 2873 provinces!
426 2825 505 2874 quae
533 2816 651 2861 tamen:
679 2811 742 2860 here
763 2815 801 2863 15.
845 2812 1101 2862 commendo...
1120 2811 1172 2860 cui
1205 2824 1274 2874 pro·

230 2900 259 2935 as
269 2888 345 2936 often
355 2888 401 2948 (ci.
412 2889 456 2949 §h
469 2886 511 2950 20)
526 2891 616 2937 tamea
625 2901 742 2936 answers
761 2890 854 2956 fecto,
863 2895 928 2944 etc:
940 2889 1020 2940 while
1029 2889 1075 2938 the
1086 2902 1163 2938 sense
1172 2887 1195 2938 ls
1204 2888 1275 2938 clear

166 3015 169 3020 ,
229 2969 259 3011 to
287 2977 304 3012 a
332 2966 488 3014 concession
519 2964 629 3026 implied
666 2964 694 3012 in
727 2966 879 3028 aenough‚
890 2965 937 3014 the
947 2965 1019 3014 force
1030 2965 1060 3014 of
1072 2965 1119 3013 the
1131 2963 1274 3026 preceding

229 3039 374 3103 preceding
397 3040 471 3088 word
502 3039 740 3100 (provincialibus)
763 3042 982 3104 future-perfecte
1002 3037 1091 3090 would
1114 3040 1184 3090 have
1206 3039 1273 3090 been

232 3111 392 3176 ‘(although
405 3115 479 3163 these
489 3115 617 3164 relations
625 3128 670 3164 are
678 3115 742 3163 with
764 3131 836 3167 more
865 3119 982 3178 evident,
1007 3117 1061 3167 and
1086 3117 1133 3166 the
1156 3116 1274 3180 thought

230 3189 401 3251 provinciale,
415 3191 469 3239 and
482 3190 494 3239 1
507 3191 576 3239 have
593 3190 743 3240 declineda
763 3207 836 3243 more
855 3193 949 3256 logical
970 3194 1046 3243 thus:
1065 3207 1123 3242 meo
1134 3192 1198 3254 filio
1211 3205 1274 3254 pro·

230 3265 379 3327 province),
401 3266 456 3314 still
478 3265 492 3313 l
512 3265 645 3314 maintain
668 3267 743 3314 them
756 3268 1017 3329 fecto‚quemvobr‘o
1030 3267 1193 3326 commendo,
1205 3267 1274 3316 satis

230 3340 297 3388 with
317 3354 353 3388 no
373 3340 424 3389 less
444 3341 519 3390 labor
531 3340 597 3388 than
618 3341 632 3389 Ι
652 3354 743 3390 secure
764 3345 816 3393 erit
840 3343 921 3403 i‘wiil
945 3340 1041 3405 have’)
1057 3341 1204 3404 praesidii,
1222 3346 1272 3391 etc.

230 3413 306 3462 thern
318 3415 352 3476 by
365 3429 457 3464 means
470 3417 498 3464 of
512 3429 557 3477 my
571 3413 703 3465 influence
715 3417 743 3464 in
764 3418 817 3467 For
836 3432 852 3466 a
873 3418 976 3469 similar
993 3423 1212 3480 rearrangement
1232 3428 1275 3466 see

230 3490 277 3537 the
289 3490 360 3552 city.’
764 3507 798 3544 on
812 3493 864 3544 III.
879 3494 904 3540 4.
918 3494 956 3554 14,
970 3494 1008 3542 15.

264 3563 345 3614 6-10.
362 3566 461 3627 igitur,
475 3581 503 3616 as
518 3567 546 3615 in
559 3567 629 3616 Mur.
644 3565 689 3613 34.
702 3567 740 3615 24.
795 3567 893 3625 15,16.
911 3568 1053 3629 eiusqui,
1068 3567 1099 3618 ‘a
1110 3582 1184 3628 man,
1194 3564 1272 3617 who!

229 3653 288 3707 pro
304 3641 390 3697 meis,
409 3654 528 3703 proque
548 3640 614 3698 hac,
638 3642 681 3690 ‘in
704 3656 742 3691 re·
762 3656 820 3692 suo
832 3643 943 3692 solius:
955 3657 999 3692 see
1011 3658 1046 3694 on
1060 3643 1081 3692 1.
1091 3643 1116 3692 9.
1127 3646 1165 3692 12.
1195 3643 1276 3693 What

229 3720 295 3766 turn
317 3716 387 3765 ior:’
412 3717 460 3765 the
477 3718 642 3779 proposition
660 3718 710 3766 has
727 3730 743 3765 a
762 3718 889 3767 different
918 3717 979 3768 idea
1008 3717 1096 3767 would
1125 3730 1174 3768 suo
1205 3715 1276 3767 solat

229 3790 341 3857 slightly
363 3791 490 3842 different
511 3792 585 3842 force
608 3793 673 3842 with
695 3792 742 3840 the
761 3791 843 3854 give?
