2678 4260
413 275 493 330 cnr.
520 279 606 341 rari,
630 279 644 341 1
668 278 755 330 arsa
1098 266 1163 332 463

63 450 145 512 mihi
161 456 232 514 erat
246 470 297 514 res
314 471 390 513 oum
416 447 608 524 Saturnino,
626 451 684 533 qui
709 448 802 533 quod
828 471 847 512 a
872 472 907 513 se
934 458 1110 534 quaestore
1155 440 1165 447 Ἀ

64 553 213 617 Ostiensi
244 575 303 637 per
332 553 550 638 ignominiam
581 552 624 616 ad
646 553 830 637 principem
859 561 894 617 et
916 559 1053 618 senatus
1077 561 1112 618 et

64 657 220 733 civitatis,
239 657 285 720 M.
304 655 476 732 Scaurum,
493 678 562 720 rem
579 655 832 720 frumentariam
855 656 1008 720 tralatam
1033 658 1113 722 soie·
1136 673 1164 718 10

64 759 129 836 bat,
146 760 293 825 dolorem
316 782 415 824 suum
432 781 553 845 magna
569 760 783 824 contentione
809 759 911 823 animi
936 781 1111 844 perseque-

63 864 171 940 batur,
181 863 241 927 sed
250 886 327 928 cum
339 884 527 928 scurrarum
538 864 758 947 locupletium
771 871 891 937 scorto,
904 884 980 926 oum
991 865 1112 928 sororis

63 967 226 1043 adultero,
243 989 320 1031 oum
340 975 533 1051 stuprorum
558 966 739 1041 sacerdote,
757 988 833 1031 cum
858 966 1016 1043 venefico,
1033 989 1111 1031 cum

64 1073 323 1147 testamentario,
335 1093 412 1135 cum
423 1071 551 1146 sicario,
563 1091 640 1134 oum
652 1071 799 1145 latrone3
813 1092 897 1154 quos
908 1071 1058 1144 homines
1070 1072 1109 1148 si,

63 1175 99 1238 id
114 1175 206 1260 quod
222 1174 319 1240 facile
336 1173 429 1239 factu
446 1173 522 1250 fuit,
540 1183 575 1238 et
590 1173 682 1258 quod
708 1174 778 1238 fieri
807 1173 934 1249 debuit,
952 1174 1111 1259 quodque
1135 1191 1164 1236 15

63 1302 83 1343 a
99 1302 150 1344 me
167 1280 285 1364 optimi
301 1288 336 1342 et
351 1278 525 1343 fortissimi
549 1279 639 1342 cives
663 1276 871 1363 flagitabant,
889 1279 922 1342 vi
940 1279 1109 1362 armisque

61 1405 280 1468 superassem,
299 1405 365 1445 non
386 1382 533 1457 verebar,
550 1403 591 1446 ne
619 1383 694 1466 quis
724 1389 784 1445 aut
801 1382 867 1444 vim
886 1383 919 1445 vi
936 1381 1110 1466 depulsam

63 1487 321 1572 reprehenderet
336 1485 618 1571 autperditorum
634 1487 758 1550 civium
777 1487 831 1550 vel
855 1488 968 1570 potius
985 1485 1112 1550 domes-

63 1591 205 1655 ticorum
222 1591 368 1654 hostium
385 1599 526 1654 mortem
542 1597 715 1654 maereret.
762 1588 829 1655 Sed
845 1612 896 1655 me
921 1590 980 1653 illa
1003 1611 1112 1655 move·

63 1701 160 1758 runt:
196 1693 361 1758 Omnibus
385 1695 418 1756 in
445 1693 656 1758 contionibus
682 1695 740 1757 illa
765 1693 853 1758 furia
880 1693 1044 1758 clamabat
1066 1715 1112 1770 se,
1135 1709 1165 1754 ao

64 1819 149 1883 quae
173 1796 298 1862 faceret
321 1805 436 1862 contra
458 1798 602 1862 salutem
625 1819 741 1874 meam,
758 1797 867 1862 facere
891 1804 1025 1863 auctore
1048 1797 1110 1862 Cn.

63 1902 233 1986 Pompeio,
260 1902 441 1966 clarissimo
469 1903 541 1966 viro
567 1901 716 1987 mihique
747 1910 782 1966 et
808 1924 898 1967 nunc
929 1909 973 1978 et,
999 1902 1111 1987 quoad

63 2006 169 2080 licuit,
196 2006 418 2069 amicissumo.
465 2005 512 2068 M.
540 2005 689 2080 Crassus
716 2027 863 2090 quocum
889 2006 971 2069 mihi
995 2028 1110 2070 omnes

64 2117 159 2174 erant
174 2110 337 2174 amicitiae
355 2109 629 2185 necessitudines,
645 2110 697 2175 vir
708 2109 922 2186 fortissimus,
937 2110 978 2174 ab
995 2109 1109 2174 eadem

62 2214 121 2277 illa
138 2221 230 2297 peste
246 2201 484 2278 infestissimus
497 2235 568 2278 esse
585 2215 666 2278 meis
679 2213 824 2278 fortunis
839 2213 1112 2298 praedicabatur;
1135 2233 1164 2278 25
1253 2252 1255 2256 ι

64 2317 102 2382 C.
120 2318 251 2394 Caesar,
268 2318 326 2401 qui
343 2339 362 2381 a
378 2340 430 2382 me
447 2318 543 2382 nullo
561 2339 634 2382 meo
647 2320 765 2383 merito
780 2319 911 2383 alienus
927 2339 998 2383 esse
1015 2318 1112 2383 debe·

96 2507 160 2568 §aa
179 2504 261 2554 8-13.
279 2507 333 2566 qui
353 2505 452 2567 quod:
476 2521 520 2556 see
540 2521 576 2557 on
601 2511 709 2556 scorto
738 2514 799 2569 etc,
824 2508 942 2557 Clodius.
988 2507 1112 2564 sororis,

64 2584 101 2633 ΙΙ.
115 2583 161 2630 17.
174 2585 196 2631 2.
232 2595 250 2630 a
261 2594 295 2631 se
306 2586 479 2643 quaestore,
491 2581 575 2632 ‘from
600 2584 647 2633 the
658 2585 721 2634 wife
732 2587 761 2635 01
774 2585 803 2635 L.
816 2584 955 2634 Lucullus.
990 2587 1113 2646 stupro·

63 2661 121 2708 irim
139 2660 218 2707 when
236 2659 272 2720 q.'
309 2658 460 2707 Ostiensi:
479 2673 523 2708 see
539 2673 575 2708 on
599 2672 668 2708 rum
679 2661 853 2718 sacerdote,
863 2676 898 2710 an
905 2661 1021 2710 allusion
1031 2669 1059 2709 to
1066 2661 1113 2711 the

63 2737 134 2784 Mur.
153 2735 200 2783 18.
219 2736 258 2784 30.
293 2748 349 2797 per
368 2735 575 2796 ignominiam,
601 2737 677 2786 Bona
689 2739 747 2786 Dea
759 2738 877 2787 scandal.

66 2818 110 2861 ‘as
122 2826 138 2860 a
149 2811 296 2860 deliberate
309 2811 422 2860 insult:'
443 2812 518 2860 these
530 2826 576 2861 are
633 2813 733 2862 16-26.
752 2814 870 2875 oprimi,
883 2820 934 2863 etc.
970 2813 1018 2862 See
1031 2828 1055 2875 p.
1071 2813 1111 2874 4⁸3,

64 2890 110 2937 the
122 2888 259 2949 emphatic
271 2888 367 2937 words.
402 2887 575 2950 principem
600 2890 665 2952 §79-
700 2902 906 2951 superassem,
921 2889 1032 2939 ‘should
1051 2903 1114 2939 con-

64 2968 96 3013 et
126 2967 255 3013 senatus
285 2966 317 3012 et
345 2964 500 3013 civitatis:
528 2966 575 3013 the
600 2966 681 3029 quer,’
712 2971 761 3016 not
790 2966 860 3014 ‘had
896 2965 1067 3027 conquered,’
1097 2979 1114 3013 a

63 3041 198 3089 formeris
214 3054 230 3088 a
242 3040 398 3101 recognized
411 3040 464 3089 and
477 3039 576 3089 official
600 3043 691 3093 future
704 3043 842 3093 condition
855 3043 883 3091 in
895 3035 927 3091 O.
942 3042 984 3101 O.,
996 3041 1113 3103 depend-

64 3118 135 3171 title:
154 3130 197 3166 see
210 3131 235 3178 p.
249 3116 390 3178 75‚§105;
407 3118 454 3166 the
469 3118 576 3166 lattera
600 3125 647 3169 ent
683 3134 756 3182 upon
787 3120 906 3169 verebar.
968 3117 1036 3165 illa:
1070 3117 1113 3166 101

64 3193 164 3255 merely
186 3192 411 3255 complimentary
433 3199 514 3242 term:
538 3194 573 3243 cf.
600 3197 728 3259 meaning
744 3196 778 3245 cf.
793 3196 858 3246 81111.
873 3194 919 3243 85.
940 3194 983 3253 31ς
1001 3192 1047 3242 59.
1067 3194 1112 3255 44;

64 3269 129 3320 Suil.
139 3268 164 3317 3.
173 3269 212 3318 31.
245 3268 388 3318 dolorem
405 3305 410 3318 .
428 3304 434 3318 .
451 3305 457 3318 .
473 3282 576 3332 perse·
601 3272 785 3323 111.13.48.
821 3275 854 3320 et
877 3269 981 3332 quoad
1007 3268 1111 3318 licuit:

64 3345 224 3407 quebatur,
235 3345 285 3394 ‘he
292 3347 412 3409 avenged
421 3347 467 3395 the
475 3347 576 3396 affront
600 3364 636 3399 sc.
657 3352 747 3409 anteo,
764 3348 834 3397 ‘and
854 3346 993 3408 formerly,
1006 3359 1037 3394 as
1049 3344 1113 3408 long

64 3422 246 3483 withagreat
261 3424 387 3472 outburst
399 3422 429 3470 01
445 3423 573 3484 passion)
600 3440 630 3474 as
659 3439 711 3473 was
739 3424 851 3473 allowed
879 3423 956 3482 him,’
986 3423 1055 3482 i.e.,<
1077 3422 1112 3483 by

65 3498 109 3546 He
121 3503 193 3546 went
210 3512 273 3546 over
285 3499 355 3547 110111
371 3499 418 3547 the
436 3512 577 3547 conserva·
601 3501 699 3550 Caesar
710 3500 764 3549 and
777 3500 897 3548 Crassus.
932 3510 1042 3547 omues
1058 3533 1064 3545 .
1081 3532 1087 3544 .
1105 3532 1111 3545 .

65 3575 134 3622 rives
159 3581 187 3624 10
209 3575 256 3623 the
279 3575 443 3623 democrats:
471 3588 515 3623 see
540 3589 574 3623 on
599 3573 857 3630 necessitudines,
887 3573 943 3623 ‘all
979 3579 1048 3622 sorts
1083 3572 1113 3620 01

66 3651 127 3712 537.
142 3654 178 3700 il.
205 3663 388 3706 scurrarum,
398 3653 404 3676 ‘
413 3651 520 3700 rakes2’
534 3653 577 3700 101
600 3651 716 3712 friendly
725 3651 870 3699 relations)
896 3649 984 3698 nullo
996 3686 1001 3696 .
1014 3685 1020 3696 .
1033 3685 1038 3696 .
1050 3660 1113 3697 1110·

66 3728 113 3776 the
131 3728 270 3789 following
287 3735 368 3776 terms
385 3728 414 3777 of
430 3728 521 3788 abuse,
540 3729 575 3777 1111
600 3727 842 3783 rito,‘f0rnofault
849 3726 878 3775 01
887 3725 1112 3782 mine'alienut,

66 3817 139 3855 more
155 3818 186 3854 or
197 3804 249 3856 less
266 3804 402 3865 deserved,
415 3803 450 3855 cf.
467 3803 503 3855 11.
524 3804 573 3868 11.
602 3803 777 3870 ‘estrangedss
792 3817 808 3856 a
825 3817 889 3868 very
906 3801 972 3855 mild
984 3801 1065 3854 word.
