2678 4260
168 260 232 327 450
526 273 598 324 rao
620 273 649 322 1.
673 273 799 324 snsrro
822 272 970 325 000110.

221 453 257 512 et
281 445 374 530 quod
398 446 446 508 ita
472 444 590 509 domus
619 445 691 529 ipsa
718 445 879 521 fumabat,
906 453 946 509 ut
970 446 1078 510 multa
1105 447 1177 511 eius
1206 468 1272 512 ser·

222 550 329 614 monis
354 548 479 613 indicia
502 548 702 625 redolerent,
727 548 917 613 statuebam
941 549 998 625 sic,
1016 549 1094 614 boni
1118 550 1204 614 nihil
1229 551 1271 615 ab

222 653 290 718 illis
307 653 408 739 nugis
424 675 495 717 esse
512 653 789 737 exspectandum,
806 653 885 716 mali
907 653 1046 737 quidem
1069 661 1159 719 certe
1183 655 1271 718 nihil

168 776 198 821 ao
220 756 535 843 pertimescendum.
582 756 649 821 Sed
666 758 712 820 ita
736 765 797 833 est,
816 757 962 822 iudices:
989 758 1048 833 Ut,
1065 759 1093 822 si
1116 758 1270 845 gladium

223 883 325 948 parvo
349 883 452 946 puero
476 869 536 925 aut
550 862 579 925 si
603 860 761 944 inbecillo
785 862 858 925 seni
893 869 952 925 aut
987 861 1090 927 debili
1123 862 1269 939 dederis,

222 968 292 1051 ipse
325 967 452 1050 impetu
484 986 546 1029 suo
578 966 705 1028 nemini
737 973 864 1040 noceat,
896 966 950 1029 sin
980 965 1022 1029 ad
1054 949 1185 1030 nudum
1216 969 1271 1032 vel

223 1070 398 1135 fortissimi
430 1070 495 1132 viri
526 1089 647 1151 corpus
679 1071 865 1144 accesserit,
899 1071 1007 1154 possit
1037 1072 1107 1135 acie
1139 1071 1212 1155 ipsa
1236 1079 1272 1135 et

222 1173 300 1238 ferri
329 1172 456 1238 viribus
485 1172 672 1248 vulnerare,
702 1174 760 1248 sic,
778 1194 855 1237 cum
880 1173 1072 1238 hominibus
1101 1176 1271 1240 enervatis

170 1295 200 1341 30
222 1286 323 1362 atquc
341 1276 568 1363 exsanguibus
597 1277 793 1342 consulatus
822 1285 993 1362 tamquam
1019 1278 1154 1364 gladius
1181 1288 1272 1343 esset

223 1381 332 1458 datus,
357 1382 417 1466 qui
440 1402 557 1465 perse
581 1403 731 1467 pungere
756 1383 924 1447 neminem
948 1403 1110 1466 umquam
1142 1383 1271 1467 potuis-

222 1493 307 1561 sent,
335 1487 359 1548 ii
390 1487 513 1548 summi
536 1485 666 1570 imperii
698 1487 832 1550 nomine
864 1487 982 1550 armati
1013 1485 1173 1550 nudatam
1200 1508 1271 1550 rem

223 1589 390 1676 publicam
429 1587 759 1654 contrucidaverunt.
829 1590 962 1655 Foedus
998 1589 1154 1655 fecerunt
1192 1612 1271 1655 cum

223 1694 359 1759 tribuno
389 1694 435 1777 pl.
466 1694 586 1778 palam,
619 1701 659 1757 ut
688 1693 730 1758 ab
760 1717 798 1759 00
840 1696 1027 1780 provincias
1068 1695 1270 1780 acciperent,

171 1815 199 1861 tt
221 1820 306 1884 quas
340 1798 404 1882 ipsi
436 1797 573 1873 vellent,
606 1799 792 1862 exercitum
823 1807 858 1863 et
887 1801 1074 1883 pecuniam,
1106 1807 1271 1884 quantam

223 1902 362 1977 vellent,
387 1923 426 1965 ea
448 1900 534 1988 lege,
558 1902 587 1965 si
620 1903 685 1986 ipsi
719 1904 813 1987 prius
848 1903 983 1967 tribuno
1018 1903 1063 1987 pl.
1098 1901 1270 1966 adflictam

223 2014 258 2072 et
280 2006 493 2071 constrictam
519 2028 588 2070 rem
617 2006 784 2090 publicam
812 2006 1040 2071 tradidissent.
1088 2004 1130 2069 ld
1156 2015 1271 2071 autem

223 2110 342 2176 foedus
372 2132 445 2174 meo
475 2111 638 2203 sanguine
670 2111 775 2174 ictum
805 2112 926 2175 sanciri
965 2132 1061 2194 posse
1102 2110 1270 2175 dicebant.

170 2214 209 2276 25
227 2215 303 2294 Qua
334 2237 368 2279 10
401 2215 570 2298 patefacta
607 2216 736 2298 (neque
772 2216 861 2279 enim
895 2214 1100 2278 dissimulari
1136 2222 1270 2278 tantum

170 2335 200 2381 40
220 2321 330 2384 scelus
356 2327 488 2404 poterat
515 2341 577 2384 nec
603 2320 726 2402 latere)
753 2319 1013 2405 promulgantur
1043 2340 1111 2382 uno
1139 2317 1271 2382 eodem-

222 2445 288 2509 que
305 2430 451 2508 tcmpore
469 2424 660 2509 rogationes
677 2422 718 2487 ab
742 2423 858 2488 eodem
882 2422 1017 2487 tribuno
1041 2422 1081 2486 dc
1106 2443 1180 2487 mea
1197 2444 1271 2509 per·

223 2529 308 2593 nicio
325 2527 415 2592 etde
431 2527 613 2612 provinciis
631 2526 806 2591 consulum
824 2528 1032 2591 nominatim.

253 2809 317 2873 §aa
337 2809 438 2858 22-27.
456 2808 594 2858 domus
614 2844 620 2857 .
637 2844 666 2857 ..
688 2822 734 2858 10-
788 2809 834 2868 31,
846 2809 891 2857 32.
908 2822 1051 2871 pungere.
1077 2809 1229 2860 ‘scrutcht'
1253 2825 1269 2860 a

221 2886 371 2942 dolerent,
382 2884 440 2933 ‘his
450 2899 513 2946 very
524 2885 609 2934 house
621 2885 733 2934 smoked
757 2887 833 2951 11001(
844 2887 916 2936 word
931 2887 952 2935 is
965 2886 1030 2935 used
1042 2886 1085 2934 101
1097 2886 1143 2934 the
1157 2887 1223 2935 sake
1241 2888 1270 2937 01

221 2977 251 3012 so
258 2964 318 3011 that
328 2975 410 3022 many
420 2961 494 3010 hints
504 2961 533 3009 01
545 2962 587 3011 his
596 2961 655 3010 talk
664 2975 733 3011 were
755 2967 875 3012 eontrast
896 2969 923 3011 to
947 2963 993 3010 tire
1016 2975 1113 3024 savage
1131 2965 1270 3013 contruci-

220 3037 383 3101 perceptible
397 3038 490 3099 bytho
507 3037 602 3098 smell‚’
618 3038 732 3099 1.0.,1110
755 3039 897 3099 (10001001,
912 3038 928 3087 l.
943 3038 982 3087 33.
1009 3037 1121 3085 summi
1132 3037 1268 3100 imperii:

220 3113 390 3176 atmosphere
414 3112 443 3161 01
465 3112 511 3161 1110
531 3113 615 3162 house
636 3113 732 3162 reeked
755 3114 789 3162 cf.
810 3114 823 3174 ἓ
843 3113 880 3164 17.
900 3114 939 3162 31.

220 3192 250 3241 01
260 3192 302 3240 his
314 3190 373 3239 talk
383 3191 413 3239 01
424 3191 528 3240 sensual
541 3190 729 3254 gratification.
786 3187 887 3236 35-38.
905 3187 1079 3236 exercitum
1108 3188 1141 3236 et
1175 3200 1269 3249 pecu·

220 3267 361 3329 quidem:
383 3267 417 3315 01.
439 3267 504 3328 §lu
520 3268 557 3316 18.
593 3267 642 3324 Ut,
666 3266 729 3330 ‘as,’
754 3265 842 3322 niam,
858 3265 902 3313 101
919 3279 965 3313 use
982 3265 1011 3313 in
1029 3263 1100 3312 their
1115 3264 1265 3326 provinces.

220 3344 383 3403 introduces,
395 3344 443 3392 but
451 3344 515 3392 does
528 3349 576 3393 not
588 3343 730 3404 lirinense,
753 3340 852 3388 ictum
863 3364 888 3388 =
898 3342 922 3389 si
930 3341 1014 3390 ictum
1022 3342 1099 3400 esset,
1109 3339 1116 3363 ‘
1125 3340 1146 3388 11
1152 3339 1269 3390 solemn-

220 3419 267 3468 the
289 3418 368 3468 mood
391 3419 420 3467 01
442 3422 547 3480 nocent,
572 3418 590 3467 l.
613 3418 653 3476 27,
677 3419 730 3467 and
754 3417 811 3466 ized
824 3418 889 3467 with
907 3431 952 3480 my
963 3416 1070 3480 blood3'
1090 3416 1138 3466 the
1155 3416 1269 3481 making

219 3494 243 3543 is
272 3494 429 3544 correlative
458 3494 524 3542 with
559 3495 607 3552 sic,
637 3493 654 3543 l.
690 3495 729 3543 29.
754 3495 783 3543 01
799 3508 815 3542 a
833 3498 919 3555 treaty
933 3508 988 3543 was
1006 3493 1154 3543 concluded
1172 3494 1206 3556 by
1221 3495 1268 3543 the

220 3569 346 3618 dederis
371 3605 376 3617 .
402 3605 407 3617 .
434 3605 439 3616 .
464 3573 592 3618 noceat:
620 3570 663 3619 101
685 3572 732 3618 tire
754 3570 869 3632 offering
885 3571 914 3618 01
931 3584 946 3617 a
964 3571 1091 3619 sacrifice.

220 3647 358 3696 condition
377 3647 411 3695 01.
431 3646 453 3694 Ι.
473 3645 519 3694 19.
539 3648 566 3706 23
589 3646 650 3695 how
668 3647 732 3695 does
786 3648 851 3708 §nn
871 3646 915 3694 41.
928 3646 1122 3707 rogationes:
1135 3646 1179 3696 101
1190 3646 1268 3696 these

221 3722 327 3772 dederis
349 3722 429 3774 differ
450 3721 521 3772 from
547 3723 593 3771 des
617 3723 645 3771 10
672 3737 733 3786 pro
755 3722 815 3771 bilis
836 3737 880 3771 see
898 3722 947 3784 Ep.
969 3722 1036 3773 VII.
1058 3722 1112 3778 Iut.
1130 3719 1202 3773 Note
1216 3721 1265 3772 ‘12

219 3799 308 3851 tasio?
674 3804 688 3837 1
755 3797 1014 3857 0001101000110.
