2678 4260
423 248 503 300 cnr.
529 250 617 311 34-35,
643 249 656 311 ι
679 249 765 302 rora
1115 239 1177 306 205

74 419 293 486 detraxerint.
350 419 451 500 Quod
474 422 564 486 enim
590 429 723 506 ternpus
751 421 818 485 fuit
844 430 903 485 aut
930 430 1042 487 nostra
1069 432 1129 489 aut

74 532 208 610 patrum
225 531 414 588 nostrorum
431 527 599 599 memoria,
622 547 690 610 quo
714 526 805 599 haec,
829 527 899 590 sive
923 526 1060 591 ambitio
1076 536 1128 592 est

74 630 144 694 sive
161 628 355 705 liberalitas,
373 651 441 693 non
458 628 571 704 fuerit,
591 637 629 693 ut
644 630 737 694 locus
755 631 835 693 etin
853 631 940 694 circo
957 638 991 694 et
1003 632 1036 693 in
1055 629 1126 695 foro

74 733 212 798 daretur
232 734 346 797 amicis
368 741 404 797 et
425 732 632 797 tribulibus?
677 749 793 797 xxxv.
826 733 919 798 Haec
935 735 1046 797 omnia
1061 757 1127 800 sec·
1139 740 1177 802 73

75 845 232 913 totorum,
260 837 538 923 spectaculorum,
567 836 783 923 prandiorum
811 838 950 902 crimina
977 839 1128 904 multitu-

74 940 152 1006 dine
174 942 282 1007 invita
305 949 364 1006 tua
388 942 492 1005 nimia
518 941 704 1028 diligentia,
726 941 831 1017 Servi,
849 943 1001 1007 conlecta
1024 953 1125 1020 sunt3

73 1047 109 1109 in
126 1046 249 1132 quibus
266 1053 377 1111 tamen
392 1046 536 1111 Murena
551 1054 687 1111 senatus
704 1047 905 1110 auctoritate
922 1046 1124 1113 defenditur,

75 1150 168 1230 Quid
184 1151 295 1215 enirn?
316 1159 453 1216 senatus
470 1173 552 1214 num
569 1150 700 1215 obviam
718 1151 848 1235 prodire
866 1153 989 1216 crimen
1007 1156 1126 1236 putat?
1163 1171 1177 1214 5

73 1255 161 1330 Non,
190 1255 250 1320 sed
273 1255 434 1320 mercede
483 1254 664 1320 Convince.
712 1254 803 1318 Num
834 1257 954 1319 sectari
976 1257 1127 1321 multos?

73 1360 161 1435 Non,
178 1359 238 1424 sed
254 1359 446 1424 conductos·
479 1360 580 1425 Doce.
613 1359 703 1422 Num
720 1361 831 1423 locum
847 1358 889 1423 ad
905 1360 1125 1444 spectandum

72 1463 152 1528 dare
181 1472 241 1527 aut
266 1463 308 1526 ad
331 1462 506 1548 prandium
536 1464 700 1528 invitare?
746 1463 896 1538 Minime,
924 1463 984 1528 sed
1016 1465 1124 1550 volgo.

74 1566 166 1646 Quid
183 1574 235 1632 est
250 1568 376 1654 volgo?
423 1567 617 1632 Universos.
665 1567 741 1631 Non
765 1568 879 1653 igitur,
896 1569 924 1632 si
950 1567 986 1630 L,
1011 1561 1123 1644 Natta,

71 1692 205 1735 summo
229 1671 303 1735 loco
327 1670 533 1747 adulescens
560 1672 618 1757 qui
645 1679 680 1736 et
702 1693 770 1756 quo
793 1673 904 1735 animo
929 1673 994 1736 iam
1021 1674 1066 1737 sit
1091 1682 1125 1738 et
1149 1689 1177 1735 10

73 1776 184 1860 qualis
211 1776 264 1839 vir
290 1774 426 1840 iuturus
450 1777 504 1851 sit,
529 1775 693 1851 videmus,
718 1777 752 1838 in
774 1777 930 1860 equitum
955 1778 1116 1842 centuriis

72 1880 185 1944 voluit
215 1901 286 1945 esse
319 1887 355 1944 et
384 1879 426 1944 ad
458 1881 519 1944 hoc
551 1871 984 1946 officiumnecessitudinis
1015 1888 1050 1946 et
1081 1881 1124 1945 ad

72 1984 247 2101 reliquum
266 1990 399 2068 tempus
422 1985 601 2070 gratiosus
626 1984 661 2048 id
686 1985 750 2048 erit
774 1985 846 2049 eius
871 1986 989 2050 vitrico
1012 1985 1129 2050 iraudi

72 2094 134 2151 aut
155 2088 296 2163 crimini,
314 2110 386 2163 nec,
412 2090 440 2152 si
461 2090 557 2174 vi1go
577 2089 734 2165 Vestalis
753 2088 853 2153 huius
878 2091 1066 2175 propinqua
1090 2098 1124 2155 et

72 2193 268 2267 necessaria,
299 2193 410 2256 locum
440 2212 541 2257 suum
576 2191 813 2278 gladiatorium
840 2195 1004 2258 concessit
1034 2194 1175 2269 huic,15

351 2310 433 2316 ——-
438 2309 785 2316 ——.....—.-⁴.-.--—-
814 2309 856 2314 ----.
874 2310 924 2315 --.
973 2310 978 2315 .
1003 2311 1031 2316 .-.
1051 2312 1125 2318 —-

72 2356 140 2405 each
158 2361 243 2416 noter,
262 2356 315 2405 and
336 2356 371 2406 he
395 2356 531 2406 indicated
547 2358 590 2406 his
610 2358 754 2418 interprete
770 2357 840 2406 irom
858 2358 945 2406 thet
921 2312 1078 2418 standpoirrt
1068 2358 1124 2407 toi

72 2432 166 2483 choice
178 2433 222 2481 for
233 2434 300 2482 each
313 2433 389 2483 office
402 2435 435 2495 by
449 2435 517 2496 putt
512 2448 558 2497 mg
574 2448 590 2482 a
609 2433 656 2482 th'e
668 2433 788 2482 defence.

72 2509 152 2558 mark
171 2508 340 2571 (punctam),
355 2517 383 2559 at
400 2512 447 2560 tire
465 2524 544 2559 name
562 2510 590 2559 of
640 2509 666 2558 9.
683 2509 713 2557 L.
733 2510 883 2572 (Pinarius)
896 2510 1001 2566 Natta,
1014 2516 1121 2574 stepson

73 2586 120 2634 the
143 2599 208 2634 man
231 2586 265 2635 he
288 2587 369 2636 voted
391 2587 442 2636 for.
485 2587 588 2647 Hence,
609 2585 638 2635 of
663 2587 784 2636 Murena.
821 2587 865 2636 He
887 2587 932 2635 did
957 2593 1004 2636 not
1026 2588 1122 2650 justiiy

69 2663 206 2722 punctum
236 2675 311 2711 carne
344 2669 372 2712 ιο
405 2677 484 2712 mean
517 2667 587 2712 vote.
609 2662 727 2712 Cicero's
745 2664 967 2727 complimentary
981 2664 1121 2728 language,

72 2735 214 2786 habitae:
232 2738 275 2788 ior
286 2740 414 2802 meaning
425 2740 460 2788 ci.
474 2739 488 2800 ᾖ
500 2740 539 2788 50.
552 2739 576 2788 6.
609 2738 652 2788 for
663 2740 691 2787 in
703 2740 743 2800 58,
756 2740 876 2803 yielding
889 2745 917 2788 ιο
929 2740 975 2788 the
991 2739 1123 2789 influencc

104 2810 206 2870 ³2³8.
223 2811 301 2862 haee
314 2814 396 2863 refers
405 2820 433 2863 ιο
443 2814 489 2863 the
501 2814 589 2864 clause
609 2815 639 2864 of
660 2816 702 2865 his
719 2816 932 2866 brother-in-law
951 2816 1069 2876 Clodius,
1088 2818 1122 2865 be

72 2891 103 2938 ut
122 2924 128 2939 .
149 2923 155 2936 .
176 2924 182 2937 .
202 2888 325 2950 daretur,
334 2889 382 2938 but
391 2890 412 2938 ts
420 2890 551 2939 attracted
561 2895 590 2939 tc
609 2893 755 2943 consented
779 2900 807 2943 to
829 2895 876 2942 the
901 2893 1068 2942 destruction
1093 2893 1122 2942 of

72 2966 120 3014 the
133 2964 233 3027 gender
245 2965 274 3014 of
285 2965 332 3015 the
343 2966 479 3028 predicate
491 2980 587 3016 noune.
609 2968 727 3019 Cicero’s
744 2971 828 3019 house
844 2984 880 3019 on
898 2970 945 3018 the
964 2969 1094 3018 Palatina

71 3053 137 3090 non
152 3039 254 3098 fuerit,
269 3041 333 3090 ‘did
350 3048 399 3091 not
416 3043 479 3091 take
492 3043 586 3104 placc,’
637 3045 738 3095 10-13.
746 3048 779 3094 et
790 3082 796 3093 .
808 3082 814 3093 .
826 3082 832 3093 .
844 3049 883 3101 et,
894 3045 974 3093 ‘both
986 3082 991 3093 .
1006 3081 1013 3094 .
1029 3046 1119 3095 ,ands

73 3116 339 3168 ‘wasnotallowed’
368 3119 400 3167 in
414 3117 491 3176 foro,
501 3119 589 3168 where
609 3120 656 3179 ad,
678 3121 760 3171 ‘with
780 3137 796 3170 a
813 3123 880 3171 view
899 3121 946 3171 to.'
982 3121 1122 3171 officium

71 3194 119 3242 tire
133 3192 205 3254 prlze
223 3192 304 3256 flgbts
322 3194 388 3243 took
405 3194 480 3256 place
498 3193 589 3243 before
608 3198 858 3256 necessitudinis,
869 3197 1122 3247 ‘theservicenatn

72 3268 119 3317 the
131 3267 197 3331 days
209 3269 238 3318 oi
255 3269 475 3331 amplrithcatrcs.
610 3275 647 3324 rai
672 3280 700 3324 to
728 3276 783 3324 this
812 3275 1007 3338 relationshlp.’
1053 3274 1122 3323 rell·

609 3364 704 3412 quum
726 3355 857 3412 tempus,
878 3352 931 3409 i.e.‚
954 3357 1002 3400 not
1023 3351 1121 3413 merely

104 3421 166 3484 573.
186 3421 249 3469 2-4.
265 3421 467 3471 multitudine
475 3422 587 3470 invita:
608 3433 637 3476 to
654 3427 769 3477 iorward
785 3428 923 3476 Murena's
938 3441 1059 3487 canvass,
1074 3428 1122 3475 but

71 3499 119 3548 the
131 3498 227 3562 people
238 3499 283 3547 did
296 3504 344 3548 not
356 3513 473 3562 approve
485 3499 514 3547 oi
530 3499 588 3549 Sul·
608 3505 651 3553 for
667 3505 709 3553 his
726 3517 787 3552 own
809 3505 933 3552 interests
954 3503 1118 3552 afterwards.

72 3576 166 3639 picius’
180 3575 449 3626 over-watchirdness
464 3575 588 3637 idilioen-
607 3579 715 3637 fraudi,
751 3579 876 3643 ‘lnjnry,’
901 3580 956 3628 dat.
991 3580 1020 3629 oi
1058 3593 1121 3640 pur-

73 3654 133 3711 tic).
170 3653 377 3702 auctoritate:
401 3666 444 3701 see
467 3665 502 3701 on
521 3652 542 3700 1.
562 3652 587 3700 3.
607 3668 679 3716 pose.

71 3728 111 3791 30,
131 3729 199 3780 here
222 3728 288 3779 used
311 3728 468 3792 slightingly
491 3729 520 3777 oi
541 3729 588 3778 tire
638 3730 741 3787 14,15.
759 3729 846 3791 virgo
872 3729 1017 3784 Vestalis,
1041 3743 1120 3777 name

72 3805 226 3858 consultam
242 3806 272 3855 oi
288 3805 354 3870 567,
368 3805 458 3855 which
475 3806 510 3855 he
526 3818 588 3856 now
607 3805 754 3855 unknown.
779 3804 885 3852 locum
894 3816 998 3852 suum:
1010 3803 1056 3852 the
1065 3816 1119 3852 ves·
